@inproceedings{inproceedings,
    title = {{A Cross-Lingual Dictionary for English Wikipedia Concepts}},
    year = {2012},
    author = {Spitkovsky, Valentin and Chang, Angel}
}

@inproceedings{spitkovsky-chang-2012-cross,
    title = {{A Cross-Lingual Dictionary for {\{}E{\}}nglish {\{}W{\}}ikipedia Concepts}},
    year = {2012},
    booktitle = {Proceedings of the Eighth International Conference on Language Resources and Evaluation ({\{}LREC{\}}'12)},
    author = {Spitkovsky, Valentin I and Chang, Angel X},
    month = {5},
    pages = {3168--3175},
    publisher = {European Language Resources Association (ELRA)},
    url = {http://www.lrec-conf.org/proceedings/lrec2012/pdf/266_Paper.pdf},
    address = {Istanbul, Turkey}
}

@article{DBLP:journals/corr/abs-1902-06022,
    title = {{A Fully Differentiable Beam Search Decoder}},
    year = {2019},
    journal = {CoRR},
    author = {Collobert, Ronan and Hannun, Awni and Synnaeve, Gabriel},
    volume = {abs/1902.0},
    url = {http://arxiv.org/abs/1902.06022},
    arxivId = {1902.06022}
}

@article{frameworkforML,
    title = {{A General-Purpose Machine Learning Framework for Predicting Properties of Inorganic Materials}},
    year = {2016},
    journal = {Nature},
    author = {Logan Ward Ankit Agrawal, Alok Choudhary and Wolverton, Christopher},
    url = {https://www.nature.com/articles/npjcompumats201628#author-information}
}

@article{Bengio:2003:NPL:944919.944966,
    title = {{A Neural Probabilistic Language Model}},
    year = {2003},
    journal = {J. Mach. Learn. Res.},
    author = {Bengio, Yoshua and Ducharme, RÃ©jean and Vincent, Pascal and Janvin, Christian},
    month = {3},
    pages = {1137--1155},
    volume = {3},
    publisher = {JMLR.org},
    url = {http://dl.acm.org/citation.cfm?id=944919.944966},
    issn = {1532-4435}
}

@article{Wipf,
    title = {{A New View of Automatic Relevance Determination}},
    year = {2008},
    journal = {Advances in Neural Information Processing Systems 20},
    author = {Wipf, David P and Nagarajan, Srikantan S},
    editor = {Platt, J C and Koller, D and Singer, Y and Roweis, S T},
    pages = {1625--1632},
    publisher = {Curran Associates, Inc.},
    url = {http://papers.nips.cc/paper/3372-a-new-view-of-automatic-relevance-determination.pdf}
}

@article{Wipfb,
    title = {{A New View of Automatic Relevance Determination}},
    year = {2008},
    journal = {Advances in Neural Information Processing Systems 20},
    author = {Wipf, David P and Nagarajan, Srikantan S},
    editor = {Platt, J C and Koller, D and Singer, Y and Roweis, S T},
    pages = {1625--1632},
    publisher = {Curran Associates, Inc.},
    url = {http://papers.nips.cc/paper/3372-a-new-view-of-automatic-relevance-determination.pdf}
}

@inproceedings{inproceedingsb,
    title = {{A robust frontend for ASR: Combining denoising, noise masking and feature normalization}},
    year = {2013},
    booktitle = {ICASSP, IEEE International Conference on Acoustics, Speech and Signal Processing - Proceedings},
    author = {Van Segbroeck, Maarten and Narayanan, Shrikanth},
    doi = {10.1109/ICASSP.2013.6639039}
}

@inproceedings{Fatima2011AUP,
    title = {{A Universal Phoneme-Set Based Language Independent Short Utterance Speaker Recognition}},
    year = {2011},
    author = {Fatima, Nakhat and Wu, Xiaojun and Zheng, Thomas Fang and Chenhao, Zhang}
}

@article{mueller2012a,
    title = {{Ab initio determination of structure-property relationships in alloy nanoparticles}},
    year = {2012},
    journal = {Physical Review B},
    author = {Mueller, Tim},
    number = {14},
    pages = {144201},
    volume = {86},
    publisher = {AMER PHYSICAL SOC},
    doi = {10.1103/PhysRevB.86.144201},
    issn = {1550235x, 10980121}
}

@article{huan2015a,
    title = {{Accelerated materials property predictions and design using motif-based fingerprints}},
    year = {2015},
    journal = {Physical Review B},
    author = {Huan, T D and Mannodi-Kanakkithodi, Arun and Ramprasad, Rampi},
    number = {1},
    pages = {14106},
    volume = {92},
    publisher = {AMER PHYSICAL SOC},
    doi = {10.1103/PhysRevB.92.014106},
    issn = {1550235x, 10980121, 24699969, 24699950}
}

@article{Pilania2013,
    title = {{Accelerating materials property predictions using machine learning}},
    year = {2013},
    journal = {Scientific Reports},
    author = {Pilania, Ghanshyam and Wang, Chenchen and Jiang, Xun and Rajasekaran, Sanguthevar and Ramprasad, Ramamurthy},
    month = {9},
    pages = {2810 EP -},
    volume = {3},
    publisher = {The Author(s) SN -},
    url = {http://dx.doi.org/10.1038/srep02810}
}

@inproceedings{moviebook,
    title = {{Aligning Books and Movies: Towards Story-like Visual Explanations by Watching Movies and Reading Books}},
    year = {2015},
    booktitle = {arXiv preprint arXiv:1506.06724},
    author = {Zhu, Yukun and Kiros, Ryan and Zemel, Richard and Salakhutdinov, Ruslan and Urtasun, Raquel and Torralba, Antonio and Fidler, Sanja}
}

@inproceedings{moviebookb,
    title = {{Aligning Books and Movies: Towards Story-like Visual Explanations by Watching Movies and Reading Books}},
    year = {2015},
    booktitle = {arXiv preprint arXiv:1506.06724},
    author = {Zhu, Yukun and Kiros, Ryan and Zemel, Richard and Salakhutdinov, Ruslan and Urtasun, Raquel and Torralba, Antonio and Fidler, Sanja}
}

@inproceedings{Gardner2017AllenNLP,
    title = {{AllenNLP: A Deep Semantic Natural Language Processing Platform}},
    year = {2017},
    author = {Gardner, Matt and Grus, Joel and Neumann, Mark and Tafjord, Oyvind and Dasigi, Pradeep and Liu, Nelson F and Peters, Matthew and Schmitz, Michael and Zettlemoyer, Luke S}
}

@article{Ase_gutterne,
    title = {{An object-oriented scripting interface to a legacy electronic structure code}},
    year = {2002},
    journal = {Comput. Sci. Eng.},
    author = {Bahn, S R and Jacobsen, K W},
    number = {3},
    pages = {56--66},
    volume = {4},
    publisher = {IEEE COMPUTER SOC},
    address = {10662 LOS VAQUEROS CIRCLE, PO BOX 3014, LOS ALAMITOS, CA 90720-1314 USA},
    doi = {10.1109/5992.998641},
    issn = {1521-9615}
}

@article{phasediagram,
    title = {{Applications of high throughput (combinatorial) methodologies to electronic, magnetic, optical, and energy-related materials}},
    year = {2013},
    journal = {Journal of Applied Physics},
    author = {Green, Martin L and Takeuchi, Ichiro and Hattrick-Simpers, Jason R},
    number = {23},
    pages = {231101},
    volume = {113},
    url = {http://dx.doi.org/10.1063/1.4803530},
    doi = {10.1063/1.4803530}
}

@incollection{Jordan:1990:ADP:104134.104148,
    title = {{Artificial Neural Networks}},
    year = {1990},
    author = {Jordan, Michael I},
    editor = {Diederich, Joachim},
    chapter = {Attractor },
    pages = {112--127},
    publisher = {IEEE Press},
    url = {http://dl.acm.org/citation.cfm?id=104134.104148},
    address = {Piscataway, NJ, USA},
    isbn = {0-8186-2015-3}
}

@article{behler2011a,
    title = {{Atom-centered symmetry functions for constructing high-dimensional neural network potentials}},
    year = {2011},
    journal = {Journal of Chemical Physics},
    author = {Behler, Joerg},
    number = {7},
    pages = {74106},
    volume = {134},
    publisher = {AMER INST PHYSICS},
    doi = {10.1063/1.3553717},
    issn = {10897690, 00219606}
}

@article{article,
    title = {{Automatic Speech Recognition - A Brief History of the Technology Development}},
    year = {2005},
    author = {H. Juang, B and Rabiner, Lawrence}
}

@article{mueller2009a,
    title = {{Bayesian approach to cluster expansions}},
    year = {2009},
    journal = {Physical Review B},
    author = {Mueller, Tim and Ceder, Gerbrand},
    number = {2},
    pages = {24103},
    volume = {80},
    publisher = {AMER PHYSICAL SOC},
    doi = {10.1103/PhysRevB.80.024103},
    issn = {1550235x, 10980121}
}

@misc{Murthy,
    title = {{Bayesian-Inspired Non-Convex Methods for Sparse Signal Recovery}},
    author = {Murthy, Chandra R and Wipf, David}
}

@misc{Murthyb,
    title = {{Bayesian-Inspired Non-Convex Methods for Sparse Signal Recovery}},
    author = {Murthy, Chandra R and Wipf, David}
}

@article{Schuster1997BidirectionalNetworks,
    title = {{Bidirectional recurrent neural networks}},
    year = {1997},
    journal = {IEEE Transactions on Signal Processing},
    author = {Schuster, M and Paliwal, K K},
    number = {11},
    month = {11},
    pages = {2673--2681},
    volume = {45},
    doi = {10.1109/78.650093},
    issn = {1941-0476},
    keywords = {speech recognition;pattern classification;statisti}
}

@article{criticalrole_descriptor,
    title = {{Big Data of Materials Science: Critical Role of the Descriptor}},
    year = {2015},
    author = {Luca M. Ghiringhelli Jan Vybiral, Sergey V Levchenko Claudia Draxl and Scheffler, Matthias},
    doi = {10.1103/PhysRevLett.114.105503}
}

@inproceedings{43819,
    title = {{Bringing Contextual Information to Google Speech Recognition}},
    year = {2015},
    booktitle = {Interspeech 2015, International Speech Communications Association},
    author = {Aleksic, Petar and Ghodsi, Mohammadreza and Michaely, Assaf and Allauzen, Cyril and Hall, Keith and Roark, Brian and Rybach, David and Moreno, Pedro}
}

@article{marcus-etal-1993-building,
    title = {{Building a Large Annotated Corpus of {\{}E{\}}nglish: The {\{}P{\}}enn {\{}T{\}}reebank}},
    year = {1993},
    journal = {Computational Linguistics},
    author = {Marcus, Mitchell P and Santorini, Beatrice and Marcinkiewicz, Mary Ann},
    number = {2},
    pages = {313--330},
    volume = {19},
    url = {https://www.aclweb.org/anthology/J93-2004}
}

@article{Brown:1992:CNG:176313.176316,
    title = {{Class-based N-gram Models of Natural Language}},
    year = {1992},
    journal = {Comput. Linguist.},
    author = {Brown, Peter F and deSouza, Peter V and Mercer, Robert L and Pietra, Vincent J Della and Lai, Jenifer C},
    number = {4},
    month = {12},
    pages = {467--479},
    volume = {18},
    publisher = {MIT Press},
    url = {http://dl.acm.org/citation.cfm?id=176313.176316},
    address = {Cambridge, MA, USA},
    issn = {0891-2017}
}

@article{brown-etal-1992-class,
    title = {{Class-Based {\textbackslash}textit{\{}n{\}}-gram Models of Natural Language}},
    year = {1992},
    journal = {Computational Linguistics},
    author = {Brown, Peter F and Della Pietra, Vincent J and deSouza, Peter V and Lai, Jenifer C and Mercer, Robert L},
    number = {4},
    pages = {467--480},
    volume = {18},
    url = {https://www.aclweb.org/anthology/J92-4003}
}

@article{brown-etal-1992-classb,
    title = {{Class-Based {\textbackslash}textit{\{}n{\}}-gram Models of Natural Language}},
    year = {1992},
    journal = {Computational Linguistics},
    author = {Brown, Peter F and Della Pietra, Vincent J and deSouza, Peter V and Lai, Jenifer C and Mercer, Robert L},
    number = {4},
    pages = {467--480},
    volume = {18},
    url = {https://www.aclweb.org/anthology/J92-4003}
}

@article{seko2009a,
    title = {{Cluster expansion method for multicomponent systems based on optimal selection of structures for density-functional theory calculations}},
    year = {2009},
    journal = {Physical Review B},
    author = {Seko, Atsuto and Koyama, Yukinori and Tanaka, Isao},
    number = {16},
    pages = {165122},
    volume = {80},
    publisher = {AMER PHYSICAL SOC},
    doi = {10.1103/PhysRevB.80.165122},
    issn = {1550235x, 10980121}
}

@inproceedings{zhila-etal-2013-combining,
    title = {{Combining Heterogeneous Models for Measuring Relational Similarity}},
    year = {2013},
    booktitle = {Proceedings of the 2013 Conference of the North {\{}A{\}}merican Chapter of the Association for Computational Linguistics: Human Language Technologies},
    author = {Zhila, Alisa and Yih, Wen-tau and Meek, Christopher and Zweig, Geoffrey and Mikolov, Tomas},
    month = {6},
    pages = {1000--1009},
    publisher = {Association for Computational Linguistics},
    url = {https://www.aclweb.org/anthology/N13-1120},
    address = {Atlanta, Georgia}
}

@inproceedings{zhila-etal-2013-combiningb,
    title = {{Combining Heterogeneous Models for Measuring Relational Similarity}},
    year = {2013},
    booktitle = {Proceedings of the 2013 Conference of the North {\{}A{\}}merican Chapter of the Association for Computational Linguistics: Human Language Technologies},
    author = {Zhila, Alisa and Yih, Wen-tau and Meek, Christopher and Zweig, Geoffrey and Mikolov, Tomas},
    month = {6},
    pages = {1000--1009},
    publisher = {Association for Computational Linguistics},
    url = {https://www.aclweb.org/anthology/N13-1120},
    address = {Atlanta, Georgia}
}

@inproceedings{Hall2015CompositionbasedOR,
    title = {{Composition-based on-the-fly rescoring for salient n-gram biasing}},
    year = {2015},
    booktitle = {INTERSPEECH},
    author = {Hall, Keith B and Cho, Eunjoon and Allauzen, Cyril and Beaufays, FranÃ§oise and Coccaro, Noah and Nakajima, Kaisuke and Riley, Michael and Roark, Brian and Rybach, David and Zhang, Linda}
}

@article{Turing1950-TURCMA,
    title = {{Computing Machinery and Intelligence}},
    year = {1950},
    journal = {Mind},
    author = {Turing, Alan M},
    number = {October},
    pages = {433--460},
    volume = {59},
    publisher = {Oxford University Press}
}

@book{book,
    title = {{Connectionist Speech Recognition: A Hybrid Approach}},
    year = {1994},
    author = {Bourlard, Herve and Morgan, Nelson},
    doi = {10.1007/978-1-4615-3210-1}
}

@inproceedings{inproceedingsc,
    title = {{Connectionist temporal classification: Labelling unsegmented sequence data with recurrent neural 'networks}},
    year = {2006},
    booktitle = {ICML 2006 - Proceedings of the 23rd International Conference on Machine Learning},
    author = {Graves, Alex and Fern{\'{a}}ndez, Santiago and Gomez, Faustino and Schmidhuber, JÃ¼rgen},
    pages = {369--376},
    volume = {2006},
    doi = {10.1145/1143844.1143891}
}

@inproceedings{phase2diagrams,
    title = {{Constraint Reasoning and Kernel Clustering for Pattern Decomposition with Scaling}},
    year = {2011},
    booktitle = {Proceedings of the 17th International Conference on Principles and Practice of Constraint Programming},
    author = {LeBras, Ronan and Damoulas, Theodoros and Gregoire, John M and Sabharwal, Ashish and Gomes, Carla P and van Dover, R Bruce},
    pages = {508--522},
    series = {CP'11},
    publisher = {Springer-Verlag},
    url = {http://dl.acm.org/citation.cfm?id=2041160.2041202},
    address = {Berlin, Heidelberg},
    isbn = {978-3-642-23785-0}
}

@book{BoydVandenberghe,
    title = {{Convex Optimization}},
    year = {2004},
    author = {Steven Boyd, Lieven Vandenberghe},
    publisher = {Cambridge University Press}
}

@book{BoydVandenbergheb,
    title = {{Convex Optimization}},
    year = {2004},
    author = {Steven Boyd, Lieven Vandenberghe},
    publisher = {Cambridge University Press}
}

@article{woodley2008a,
    title = {{Crystal structure prediction from first principles}},
    year = {2008},
    journal = {Nature Materials},
    author = {Woodley, Scott M and Catlow, Richard},
    number = {12},
    pages = {937--946},
    volume = {7},
    publisher = {NATURE PUBLISHING GROUP},
    doi = {10.1038/nmat2321},
    issn = {14764660, 14761122}
}

@article{madoxx1988,
    title = {{Crystals from first principles}},
    year = {1988},
    journal = {Nature},
    author = {Maddox, J},
    number = {6187},
    pages = {201},
    volume = {335},
    doi = {10.1038/335201a0},
    issn = {14764687, 00280836}
}

@article{bucholz2012a,
    title = {{Data-Driven Model for Estimation of Friction Coefficient Via Informatics Methods}},
    year = {2012},
    journal = {Tribology Letters},
    author = {Bucholz, Eric W and Kong, Chang Sun and Marchman, Kellon R and Sawyer, W Gregory and Phillpot, Simon R and Sinnott, Susan B and Rajan, Krishna},
    number = {2},
    pages = {211--221},
    volume = {47},
    publisher = {SPRINGER/PLENUM PUBLISHERS},
    doi = {10.1007/s11249-012-9975-y},
    issn = {15732711, 10238883}
}

@article{eegnoise,
    title = {{Dealing with Noise in EEG Recording and Data Analysis}},
    year = {2010},
    journal = {Informatica Medica Slovenica},
    author = {Repov{\v{s}}, Grega},
    volume = {1}
}

@article{eegnoiseb,
    title = {{Dealing with Noise in EEG Recording and Data Analysis}},
    year = {2010},
    journal = {Informatica Medica Slovenica},
    author = {Repov{\v{s}}, Grega},
    volume = {1}
}

@article{Shen240317,
    title = {{Deep image reconstruction from human brain activity}},
    year = {2017},
    journal = {bioRxiv},
    author = {Shen, Guohua and Horikawa, Tomoyasu and Majima, Kei and Kamitani, Yukiyasu},
    publisher = {Cold Spring Harbor Laboratory},
    url = {https://www.biorxiv.org/content/early/2017/12/28/240317},
    doi = {10.1101/240317}
}

@article{Shen240317b,
    title = {{Deep image reconstruction from human brain activity}},
    year = {2017},
    journal = {bioRxiv},
    author = {Shen, Guohua and Horikawa, Tomoyasu and Majima, Kei and Kamitani, Yukiyasu},
    publisher = {Cold Spring Harbor Laboratory},
    url = {https://www.biorxiv.org/content/early/2017/12/28/240317},
    doi = {10.1101/240317}
}

@article{DBLP:journals/corr/AmodeiABCCCCCCD15,
    title = {{Deep Speech 2: End-to-End Speech Recognition in English and Mandarin}},
    year = {2015},
    journal = {CoRR},
    author = {Amodei, Dario and Anubhai, Rishita and Battenberg, Eric and Case, Carl and Casper, Jared and Catanzaro, Bryan and Chen, Jingdong and Chrzanowski, Mike and Coates, Adam and Diamos, Greg and Elsen, Erich and Engel, Jesse H and Fan, Linxi and Fougner, Christopher and Han, Tony and Hannun, Awni Y and Jun, Billy and LeGresley, Patrick and Lin, Libby and Narang, Sharan and Ng, Andrew Y and Ozair, Sherjil and Prenger, Ryan and Raiman, Jonathan and Satheesh, Sanjeev and Seetapun, David and Sengupta, Shubho and Wang, Yi and Wang, Zhiqian and Wang, Chong and Xiao, Bo and Yogatama, Dani and Zhan, Jun and Zhu, Zhenyao},
    volume = {abs/1512.0},
    url = {http://arxiv.org/abs/1512.02595},
    arxivId = {1512.02595}
}

@article{articleb,
    title = {{DeepSpeech: Scaling up end-to-end speech recognition}},
    year = {2014},
    author = {Hannun, Awni and Case, Carl and Casper, Jared and Catanzaro, Bryan and Diamos, Greg and Elsen, Erich and Prenger, Ryan and Satheesh, Sanjeev and Sengupta, Shubho and Coates, Adam and Y. Ng, Andrew}
}

@article{JMLR:v15:srivastava14a,
    title = {{Dropout: A Simple Way to Prevent Neural Networks from Overfitting}},
    year = {2014},
    journal = {Journal of Machine Learning Research},
    author = {Srivastava, Nitish and Hinton, Geoffrey and Krizhevsky, Alex and Sutskever, Ilya and Salakhutdinov, Ruslan},
    pages = {1929--1958},
    volume = {15},
    url = {http://jmlr.org/papers/v15/srivastava14a.html}
}

@article{MachineLearningConvex2006,
    title = {{Efficient optimization of support vector machine learning parameters for unbalanced datasets}},
    year = {2006},
    journal = {Journal of Computational and Applied Mathematics},
    author = {Eitrich, Tatjana and Lang, Bruno},
    number = {2},
    pages = {425--436},
    volume = {196},
    url = {http://www.sciencedirect.com/science/article/pii/S0377042705005856},
    doi = {https://doi.org/10.1016/j.cam.2005.09.009},
    issn = {0377-0427},
    keywords = {Derivative-free optimization, Parameter tuning, Support vector machine, Unbalanced datasets}
}

@book{eeg,
    title = {{Electroencephalography}},
    year = {2004},
    author = {Niedermeyer, E and da Silva, F L},
    publisher = {Wiley},
    isbn = {0-7817-5126-8}
}

@book{eegb,
    title = {{Electroencephalography}},
    year = {2004},
    author = {Niedermeyer, E and da Silva, F L},
    publisher = {Wiley},
    isbn = {0-7817-5126-8}
}

@article{KohnNobelLecture,
    title = {{Electronic Structure of Matter - Wave Functions and Density Functionals}},
    year = {1999},
    author = {Kohn, Walter}
}

@inproceedings{yang-etal-2019-enhancing-pre,
    title = {{Enhancing Pre-Trained Language Representations with Rich Knowledge for Machine Reading Comprehension}},
    year = {2019},
    booktitle = {Proceedings of the 57th Annual Meeting of the Association for Computational Linguistics},
    author = {Yang, An and Wang, Quan and Liu, Jing and Liu, Kai and Lyu, Yajuan and Wu, Hua and She, Qiaoqiao and Li, Sujian},
    month = {7},
    pages = {2346--2357},
    publisher = {Association for Computational Linguistics},
    url = {https://www.aclweb.org/anthology/P19-1226},
    address = {Florence, Italy}
}

@article{Sui2011748,
    title = {{Ensemble methods for process monitoring in oil and gas industry operations}},
    year = {2011},
    journal = {Journal of Natural Gas Science and Engineering},
    author = {Sui, Dan and Nyb{\o}, Roar and Gola, Giulio and Roverso, Davide and Hoffmann, Mario},
    number = {6},
    pages = {748--753},
    volume = {3},
    url = {http://www.sciencedirect.com/science/article/pii/S1875510011000540},
    doi = {https://doi.org/10.1016/j.jngse.2011.05.004},
    issn = {1875-5100},
    keywords = {Drilling, Ensemble, Kalman filter, Managed pressure drilling, Neural network, Process monitoring}
}

@article{ertugrul2015a,
    title = {{ESTIMATING SOLAR RADIATION BY MACHINE LEARNING METHODS}},
    year = {2015},
    journal = {Signal Processing and Communications Applications Conference},
    author = {Ertugrul, Edip and Sahin, Mehmet and Aggun, Fikri},
    pages = {1611--1614},
    publisher = {IEEE},
    isbn = {9781467373869},
    doi = {10.1109/SIU.2015.7130158},
    issn = {21650608}
}

@article{articlec,
    title = {{Evaluation Metrics For Language Models}},
    year = {2001},
    author = {Chen, Stanley and Beeferman, Douglas and Rosenfeld, Ronald}
}

@article{rupp,
    title = {{Fast and accurate modeling of molecular atomization energies with machine learning}},
    year = {2012},
    journal = {Physical Review Letters},
    author = {Rupp, M and Tkatchenko, A and M{\"{u}}ller, K.-R. and von Lilienfeld, O A},
    pages = {58301},
    volume = {108}
}

@article{DBLP:journals/corr/MaasHJN14,
    title = {{First-Pass Large Vocabulary Continuous Speech Recognition using Bi-Directional Recurrent DNNs}},
    year = {2014},
    journal = {CoRR},
    author = {Maas, Andrew L and Hannun, Awni Y and Jurafsky, Daniel and Ng, Andrew Y},
    volume = {abs/1408.2},
    url = {http://arxiv.org/abs/1408.2873},
    arxivId = {1408.2873}
}

@misc{Gartner2019,
    title = {{Gartner Predicts 25 Percent of Digital Workers Will Use Virtual Employee Assistants Daily by 2021}},
    year = {2019},
    booktitle = {www.gartner.com},
    author = {{Gartner}}
}

@article{bartok2010a,
    title = {{Gaussian Approximation Potentials: The Accuracy of Quantum Mechanics, without the Electrons}},
    year = {2010},
    journal = {Physical Review Letters},
    author = {Bartok, Albert P and Payne, Mike C and Kondor, Risi and Csanyi, Gabor},
    number = {13},
    pages = {136403},
    volume = {104},
    publisher = {AMER PHYSICAL SOC},
    doi = {10.1103/PhysRevLett.104.136403},
    issn = {10797114, 00319007}
}

@article{behler2007a,
    title = {{Generalized neural-network representation of high-dimensional potential-energy surfaces}},
    year = {2007},
    journal = {Physical Review Letters},
    author = {Behler, Joerg and Parrinello, Michele},
    number = {14},
    pages = {146401},
    volume = {98},
    publisher = {AMER PHYSICAL SOC},
    doi = {10.1103/PhysRevLett.98.146401},
    issn = {10797114, 00319007}
}

@article{BENDSOE1988197,
    title = {{Generating optimal topologies in structural design using a homogenization method}},
    year = {1988},
    journal = {Computer Methods in Applied Mechanics and Engineering},
    author = {Bends{\o}e, Martin Philip and Kikuchi, Noboru},
    number = {2},
    pages = {197--224},
    volume = {71},
    url = {http://www.sciencedirect.com/science/article/pii/0045782588900862},
    doi = {https://doi.org/10.1016/0045-7825(88)90086-2},
    issn = {0045-7825}
}

@article{2016arXiv161107492S,
    title = {{Inducing Interpretable Representations with Variational Autoencoders}},
    year = {2016},
    journal = {ArXiv e-prints},
    author = {Siddharth, N and Paige, B and Desmaison, A and Van de Meent, J.-W. and Wood, F and Goodman, N.~D. and Kohli, P and Torr, P.~H.~S.},
    month = {11},
    arxivId = {stat.ML/1611.07492},
    keywords = {Computer Science - Computer Vision and Pattern Re, Computer Science - Learning, Statistics - Machine Learning}
}

@article{Naage2018InfillOpt,
    title = {{Infill Optimization for Additive ManufacturingâApproaching Bone-Like Porous Structures}},
    year = {2018},
    journal = {IEEE Transactions on Visualization and Computer Graphics},
    author = {Wu, J and Aage, N and Westermann, R and Sigmund, O},
    number = {2},
    month = {2},
    pages = {1127--1140},
    volume = {24},
    doi = {10.1109/TVCG.2017.2655523},
    issn = {1077-2626},
    keywords = {optimisation;porous materials;topology;trabecular}
}

@incollection{JelMer80,
    title = {{Interpolated estimation of {\{}M{\}}arkov source parameters from sparse data}},
    year = {1980},
    booktitle = {Proceedings, Workshop on Pattern Recognition in Practice},
    author = {Jelinek, Fred and Mercer, Robert L},
    editor = {Gelsema, Edzard S and Kanal, Laveen N},
    pages = {381--397},
    publisher = {North Holland},
    address = {Amsterdam},
    keywords = {2000 book nlp}
}

@article{Intrator2001,
    title = {{Interpreting neural-network results: a simulation study}},
    year = {2001},
    journal = {Computational Statistics {\&} Data Analysis},
    author = {Intrator, Orna and Intrator, Nathan},
    number = {3},
    month = {9},
    pages = {373--393},
    volume = {37},
    url = {http://www.sciencedirect.com/science/article/B6V8V-43W04SD-6/1/ffbae987d8085c78604fcf8e51046659},
    keywords = {Logistic regression}
}

@book{allhailkingMorten,
    title = {{Introduction to Machine Learning and Data Mining}},
    year = {2017},
    author = {M{\o}rup, Morten and Schmidt, Mikkel N and Herlau, Tue},
    volume = {7},
    publisher = {DTU}
}

@inproceedings{Kim2003CoNLL,
    title = {{Introduction to the CoNLL-2003 Shared Task: Language-Independent Named Entity Recognition}},
    year = {2003},
    booktitle = {Proceedings of the Seventh Conference on Natural Language Learning at HLT-NAACL 2003 - Volume 4},
    author = {Tjong Kim Sang, Erik F and De Meulder, Fien},
    pages = {142â147},
    series = {CONLL â03},
    publisher = {Association for Computational Linguistics},
    url = {https://doi.org/10.3115/1119176.1119195},
    address = {USA},
    doi = {10.3115/1119176.1119195}
}

@article{radford2019language,
    title = {{Language Models are Unsupervised Multitask Learners}},
    year = {2019},
    author = {Radford, Alec and Wu, Jeff and Child, Rewon and Luan, David and Amodei, Dario and Sutskever, Ilya}
}

@inproceedings{Lin2015LearningEA,
    title = {{Learning Entity and Relation Embeddings for Knowledge Graph Completion}},
    year = {2015},
    booktitle = {AAAI},
    author = {Lin, Yankai and Liu, Zhiyuan and Sun, Maosong and Liu, Yang and Zhu, Xuan}
}

@incollection{6302929,
    title = {{Learning Internal Representations by Error Propagation}},
    year = {1987},
    booktitle = {Parallel Distributed Processing: Explorations in the Microstructure of Cognition: Foundations},
    author = {Rumelhart, D E and McClelland, J L},
    publisher = {MITP},
    url = {https://ieeexplore.ieee.org/document/6302929}
}

@inproceedings{10.5555/3104482.3104612,
    title = {{Learning Recurrent Neural Networks with Hessian-Free Optimization}},
    year = {2011},
    booktitle = {Proceedings of the 28th International Conference on International Conference on Machine Learning},
    author = {Martens, James and Sutskever, Ilya},
    pages = {1033â1040},
    series = {ICMLâ11},
    publisher = {Omnipress},
    address = {Madison, WI, USA},
    isbn = {9781450306195}
}

@article{Kourou20158,
    title = {{Machine learning applications in cancer prognosis and prediction}},
    year = {2015},
    journal = {Computational and Structural Biotechnology Journal},
    author = {Kourou, Konstantina and Exarchos, Themis P and Exarchos, Konstantinos P and Karamouzis, Michalis V and Fotiadis, Dimitrios I},
    pages = {8--17},
    volume = {13},
    url = {http://www.sciencedirect.com/science/article/pii/S2001037014000464},
    doi = {https://doi.org/10.1016/j.csbj.2014.11.005},
    issn = {2001-0370},
    keywords = {Cancer recurrence, Cancer survival, Cancer susceptibility, Machine learning, Predictive models}
}

@article{mueller_kussesne,
    title = {{Machine Learning in Materials Science: Recent Progress and Emerging Applications}},
    year = {2016},
    author = {Mueller, Tim and Kusne, Aaron Gilad and Ramprasad, Rampi},
    publisher = {John Wiley {\&} Sons}
}

@article{mueller_kussesneb,
    title = {{Machine Learning in Materials Science: Recent Progress and Emerging Applications}},
    year = {2016},
    author = {Mueller, Tim and Kusne, Aaron Gilad and Ramprasad, Rampi},
    publisher = {John Wiley {\&} Sons}
}

@misc{Aristides_machinelearning,
    title = {{Machine Learning Methods to Predict Wind Intensity}},
    author = {Aristides, O and Camacho, Rui and Fidalgo, Nuno}
}

@article{hansen2015a,
    title = {{Machine Learning Predictions of Molecular Properties: Accurate Many-Body Potentials and Nonlocality in Chemical Space}},
    year = {2015},
    journal = {Journal of Physical Chemistry Letters},
    author = {Hansen, Katja and Biegler, Franziska and Ramakrishnan, Raghunathan and Pronobis, Wiktor and von Lilienfeld, O Anatole and Mueller, Klaus-Robert and Tkatchenko, Alexandre},
    number = {12},
    pages = {2326--2331},
    volume = {6},
    publisher = {AMER CHEMICAL SOC},
    doi = {10.1021/acs.jpclett.5b00831},
    issn = {19487185}
}

@misc{gpawmanual,
    title = {{Manual}},
    year = {2017},
    author = {developers, GPAW},
    month = {1},
    howpublished = {{\textbackslash}url{\{}https://wiki.fysik.dtu.dk/gpaw/documentation/manual.html{\}}}
}

@article{MOSEK2012,
    title = {{Markowitz portfolio optimization using MOSEK. MOSEK Technical report: TR-2009-2}},
    author = {et al., E D Andersen},
    pages = {201--213}
}

@article{Saal2013,
    title = {{Materials Design and Discovery with High-Throughput Density Functional Theory: The Open Quantum Materials Database (OQMD)}},
    year = {2013},
    journal = {JOM},
    author = {Saal, James E and Kirklin, Scott and Aykol, Muratahan and Meredig, Bryce and Wolverton, C},
    number = {11},
    pages = {1501--1509},
    volume = {65},
    url = {http://dx.doi.org/10.1007/s11837-013-0755-4},
    doi = {10.1007/s11837-013-0755-4},
    issn = {1543-1851}
}

@article{BlackmoreSpaceX2010,
    title = {{Minimum-Landing-Error Powered-Descent Guidance for Mars Landing Using Convex Optimization}},
    year = {2010},
    journal = {Journal of Guidance Control and Dynamics - J GUID CONTROL DYNAM},
    author = {Blackmore, Lars and Scharf, Daniel},
    pages = {1161--1171},
    volume = {33},
    doi = {10.2514/1.47202}
}

@article{modi-etal-2017-modeling,
    title = {{Modeling Semantic Expectation: Using Script Knowledge for Referent Prediction}},
    year = {2017},
    journal = {Transactions of the Association for Computational Linguistics},
    author = {Modi, Ashutosh and Titov, Ivan and Demberg, Vera and Sayeed, Asad and Pinkal, Manfred},
    pages = {31--44},
    volume = {5},
    url = {https://www.aclweb.org/anthology/Q17-1003},
    doi = {10.1162/tacl{\_}a{\_}00044}
}

@article{OSigmund2007Morphology-basedblackandwhitefiltersfortopologyoptimization,
    title = {{Morphology-based black and white filters for topology optimization}},
    year = {2007},
    journal = {Structural and Multidisciplinary Optimization},
    author = {Sigmund, Ole},
    number = {4-5},
    pages = {401--424},
    volume = {33},
    publisher = {Springer},
    doi = {10.1007/s00158-006-0087-x},
    issn = {1615-147X}
}

@article{MultiPeriodTradingBoyd2017,
    title = {{Multi-Period Trading via Convex Optimization}},
    year = {2017},
    journal = {Foundations and Trends in Optimization},
    author = {Boyd, Stephen and Busseti, Enzo and Diamond, Steve and Kahn, Ronald N and Nystrup, Peter and Speth, Jan},
    number = {1},
    pages = {1--76},
    volume = {3},
    publisher = {Now Publishers Inc.},
    doi = {10.1561/2400000023},
    issn = {2167-3888}
}

@misc{Nobody06,
    title = {{My Article}},
    year = {2006},
    author = {Jr, Nobody}
}

@inproceedings{Cavnar94n-gram-basedtext,
    title = {{N-Gram-Based Text Categorization}},
    year = {1994},
    booktitle = {In Proceedings of SDAIR-94, 3rd Annual Symposium on Document Analysis and Information Retrieval},
    author = {Cavnar, William B and Trenkle, John M},
    pages = {161--175}
}

@article{Wen,
    title = {{Neural Encoding and Decoding with Deep Learning for Dynamic Natural Vision}},
    year = {2017},
    journal = {Cerebral Cortex},
    author = {Haiguang Wen Junxing Shi, Yizhen Zhang Kun-Han Lu Jiayue Cao Zhongming Liu},
    url = {https://academic.oup.com/cercor/advance-article/doi/10.1093/cercor/bhx268/4560155},
    doi = {10.1093}
}

@article{Wenb,
    title = {{Neural Encoding and Decoding with Deep Learning for Dynamic Natural Vision}},
    year = {2017},
    journal = {Cerebral Cortex},
    author = {Haiguang Wen Junxing Shi, Yizhen Zhang Kun-Han Lu Jiayue Cao Zhongming Liu},
    url = {https://academic.oup.com/cercor/advance-article/doi/10.1093/cercor/bhx268/4560155},
    doi = {10.1093}
}

@article{metzbower2001a,
    title = {{Neural network analysis of strength and ductility of welding alloys for high strength low alloy shipbuilding steels}},
    year = {2001},
    journal = {Science and Technology of Welding and Joining},
    author = {Metzbower, E A and DeLoach, J J and Lalam, S H and Bhadeshia, HKDH},
    number = {2},
    pages = {116--124},
    volume = {6},
    publisher = {MANEY PUBLISHING},
    doi = {10.1179/136217101101538622},
    issn = {17432936, 13621718}
}

@article{behler2011ANN,
    title = {{Neural network potential-energy surfaces in chemistry: a tool for large-scale simulations}},
    year = {2011},
    journal = {Physical Chemistry Chemical Physics},
    author = {Behler, Joerg},
    number = {40},
    pages = {17930--17955},
    volume = {13},
    publisher = {ROYAL SOC CHEMISTRY},
    doi = {10.1039/c1cp21668f},
    issn = {14639084, 14639076}
}

@article{amir2014NAage,
    title = {{On multigrid-CG for efficient topology optimization}},
    year = {2014},
    journal = {Structural and Multidisciplinary Optimization},
    author = {Amir, Oded and Aage, Niels and Lazarov, Boyan Stefanov},
    pages = {815â829},
    volume = {49},
    publisher = {Springer},
    doi = {10.1007/s00158-013-1015-5},
    issn = {1615-147X},
    keywords = {Multigrid, Preconditioned conjugate gradients, Topology optimization}
}

@article{Cawley:2010:OMS:1756006.1859921,
    title = {{On Over-fitting in Model Selection and Subsequent Selection Bias in Performance Evaluation}},
    year = {2010},
    journal = {J. Mach. Learn. Res.},
    author = {Cawley, Gavin C and Talbot, Nicola L C},
    month = {8},
    pages = {2079--2107},
    volume = {11},
    publisher = {JMLR.org},
    url = {http://dl.acm.org/citation.cfm?id=1756006.1859921},
    issn = {1532-4435}
}

@inproceedings{pmlr-v28-sutskever13,
    title = {{On the importance of initialization and momentum in deep learning}},
    year = {2013},
    booktitle = {Proceedings of the 30th International Conference on Machine Learning},
    author = {Sutskever, Ilya and Martens, James and Dahl, George and Hinton, Geoffrey},
    editor = {Dasgupta, Sanjoy and McAllester, David},
    number = {3},
    pages = {1139--1147},
    series = {Proceedings of Machine Learning Research},
    volume = {28},
    publisher = {PMLR},
    url = {http://proceedings.mlr.press/v28/sutskever13.html},
    address = {Atlanta, Georgia, USA}
}

@article{Stevens677,
    title = {{On the Theory of Scales of Measurement}},
    year = {1946},
    journal = {Science},
    author = {Stevens, S S},
    number = {2684},
    pages = {677--680},
    volume = {103},
    publisher = {American Association for the Advancement of Science},
    url = {http://science.sciencemag.org/content/103/2684/677},
    doi = {10.1126/science.103.2684.677},
    issn = {0036-8075}
}

@book{Bishop,
    title = {{Pattern Recognition and Machine Learning}},
    year = {2006},
    author = {Bishop, Christopher M},
    publisher = {Springer},
    isbn = {987-0387-31073-2}
}

@book{Bishopb,
    title = {{Pattern Recognition and Machine Learning}},
    year = {2006},
    author = {Bishop, Christopher M},
    publisher = {Springer},
    isbn = {987-0387-31073-2}
}

@article{Lobo2007,
    title = {{Portfolio optimization with linear and fixed transaction costs}},
    year = {2007},
    journal = {Annals of Operations Research},
    author = {Lobo, Miguel Sousa and Fazel, Maryam and Boyd, Stephen},
    number = {1},
    month = {7},
    pages = {341--365},
    volume = {152},
    url = {https://doi.org/10.1007/s10479-006-0145-1},
    doi = {10.1007/s10479-006-0145-1},
    issn = {1572-9338}
}

@article{fischer2006a,
    title = {{Predicting crystal structure by merging data mining with quantum mechanics}},
    year = {2006},
    journal = {Nature Materials},
    author = {Fischer, Christopher C and Tibbetts, Kevin J and Morgan, Dane and Ceder, Gerbrand},
    number = {8},
    pages = {641--646},
    volume = {5},
    publisher = {NATURE PUBLISHING GROUP},
    doi = {10.1038/nmat1691},
    issn = {14764660, 14761122}
}

@inproceedings{inproceedingsd,
    title = {{Recurrent neural network based language model}},
    year = {2010},
    booktitle = {Proceedings of the 11th Annual Conference of the International Speech Communication Association, INTERSPEECH 2010},
    author = {Mikolov, Tomas and Karafi{\'{a}}t, Martin and Burget, Lukas and Cernock{\'{y}}, Jan and Khudanpur, Sanjeev},
    pages = {1045--1048},
    volume = {2}
}

@article{Tibshirani94regressionshrinkage,
    title = {{Regression Shrinkage and Selection Via the Lasso}},
    year = {1994},
    journal = {Journal of the Royal Statistical Society, Series B},
    author = {Tibshirani, Robert},
    pages = {267--288},
    volume = {58}
}

@inproceedings{pmlr-v28-wan13,
    title = {{Regularization of Neural Networks using DropConnect}},
    year = {2013},
    booktitle = {Proceedings of the 30th International Conference on Machine Learning},
    author = {Wan, Li and Zeiler, Matthew and Zhang, Sixin and Cun, Yann Le and Fergus, Rob},
    editor = {Dasgupta, Sanjoy and McAllester, David},
    number = {3},
    pages = {1058--1066},
    series = {Proceedings of Machine Learning Research},
    volume = {28},
    publisher = {PMLR},
    url = {http://proceedings.mlr.press/v28/wan13.html},
    address = {Atlanta, Georgia, USA}
}

@inproceedings{pmlr-v28-wan13b,
    title = {{Regularization of Neural Networks using DropConnect}},
    year = {2013},
    booktitle = {Proceedings of the 30th International Conference on Machine Learning},
    author = {Wan, Li and Zeiler, Matthew and Zhang, Sixin and Cun, Yann Le and Fergus, Rob},
    editor = {Dasgupta, Sanjoy and McAllester, David},
    number = {3},
    pages = {1058--1066},
    series = {Proceedings of Machine Learning Research},
    volume = {28},
    publisher = {PMLR},
    url = {http://proceedings.mlr.press/v28/wan13.html},
    address = {Atlanta, Georgia, USA}
}

@inproceedings{Hoffart:2011:RDN:2145432.2145521,
    title = {{Robust Disambiguation of Named Entities in Text}},
    year = {2011},
    booktitle = {Proceedings of the Conference on Empirical Methods in Natural Language Processing},
    author = {Hoffart, Johannes and Yosef, Mohamed Amir and Bordino, Ilaria and F{\"{u}}rstenau, Hagen and Pinkal, Manfred and Spaniol, Marc and Taneva, Bilyana and Thater, Stefan and Weikum, Gerhard},
    pages = {782--792},
    series = {EMNLP '11},
    publisher = {Association for Computational Linguistics},
    url = {http://dl.acm.org/citation.cfm?id=2145432.2145521},
    address = {Stroudsburg, PA, USA},
    isbn = {978-1-937284-11-4}
}

@inproceedings{Hoffart:2011:RDN:2145432.2145521b,
    title = {{Robust Disambiguation of Named Entities in Text}},
    year = {2011},
    booktitle = {Proceedings of the Conference on Empirical Methods in Natural Language Processing},
    author = {Hoffart, Johannes and Yosef, Mohamed Amir and Bordino, Ilaria and F{\"{u}}rstenau, Hagen and Pinkal, Manfred and Spaniol, Marc and Taneva, Bilyana and Thater, Stefan and Weikum, Gerhard},
    pages = {782--792},
    series = {EMNLP '11},
    publisher = {Association for Computational Linguistics},
    url = {http://dl.acm.org/citation.cfm?id=2145432.2145521},
    address = {Stroudsburg, PA, USA},
    isbn = {978-1-937284-11-4}
}

@book{Jurafsky2000SpeechProcessing,
    title = {{Speech and Language Processing: An Introduction to Natural Language Processing, Computational Linguistics, and Speech Recognition}},
    year = {2000},
    author = {Jurafsky, Daniel and Martin, James H},
    edition = {1st},
    publisher = {Prentice Hall PTR},
    address = {USA},
    isbn = {0130950696}
}

@article{2014PCCP...1614378M,
    title = {{The derivative discontinuity of the exchange-correlation functional}},
    year = {2014},
    journal = {Physical Chemistry Chemical Physics (Incorporating Faraday Transactions)},
    author = {Mori-S{\'{a}}nchez, P and Cohen, A.~J.},
    pages = {14378},
    volume = {16},
    doi = {10.1039/C4CP01170H},
    arxivId = {physics.chem-ph/1404.0902}
}

@book{hastie01statisticallearning,
    title = {{The Elements of Statistical Learning}},
    year = {2001},
    author = {Hastie, Trevor and Tibshirani, Robert and Friedman, Jerome},
    series = {Springer Series in Statistics},
    publisher = {Springer New York Inc.},
    address = {New York, NY, USA},
    keywords = {ml statistics}
}

@book{Tibshirani_Hastie_Friedman,
    title = {{The Elements of Statistical Learning. Data Mining, Inference, and Prediction}},
    year = {2001},
    author = {Hastie, Trevor and Tibshirani, Robert and Friedman, Jerome},
    publisher = {Springer}
}

@article{stability_generalization_error,
    title = {{The Exponential Growth of Data}},
    year = {2002},
    journal = {Journal of Machine Learning Research 2},
    author = {Bousquet, Olivier and Elisseef, Andr\Â´e},
    url = {http://www.jmlr.org/papers/volume2/bousquet02a/bousquet02a.pdf}
}

@misc{datagrowth,
    title = {{The Exponential Growth of Data}},
    year = {2017},
    author = {{InsideBigdata}},
    publisher = {InsideBigdata},
    url = {http://insidebigdata.com/2017/02/16/the-exponential-growth-of-data/}
}

@article{RePEc:ifs:fistud:v:13:y:1992:i:2:p:48-65,
    title = {{The impact of excise duty changes on retail prices in the UK}},
    year = {1992},
    journal = {Fiscal Studies},
    author = {Baker, Paul and Brechling, Vanessa},
    number = {2},
    pages = {48--65},
    volume = {13},
    url = {https://econpapers.repec.org/RePEc:ifs:fistud:v:13:y:1992:i:2:p:48-65}
}

@article{MMA,
    title = {{The method of moving asymptotes - A new method for structural optimization}},
    year = {1987},
    journal = {International Journal for Numerical Methods in Engineering},
    author = {Svanberg, Krister},
    pages = {359--373},
    volume = {24},
    doi = {10.1002/nme.1620240207}
}

@article{Zweig2011MicrosoftSentenceCompletionChallenge,
    title = {{The Microsoft Research Sentence Completion Challenge}},
    year = {2011},
    author = {Zweig, Geoffrey and Burges, Christopher}
}

@article{NemrodovENEURO.0358-17.2018,
    title = {{The Neural Dynamics of Facial Identity Processing: insights from EEG-Based Pattern Analysis and Image Reconstruction}},
    year = {2018},
    journal = {eNeuro},
    author = {Nemrodov, Dan and Niemeier, Matthias and Patel, Ashutosh and Nestor, Adrian},
    publisher = {Society for Neuroscience},
    url = {http://www.eneuro.org/content/early/2018/01/29/ENEURO.0358-17.2018},
    doi = {10.1523/ENEURO.0358-17.2018}
}

@article{NemrodovENEURO.0358-17.2018b,
    title = {{The Neural Dynamics of Facial Identity Processing: insights from EEG-Based Pattern Analysis and Image Reconstruction}},
    year = {2018},
    journal = {eNeuro},
    author = {Nemrodov, Dan and Niemeier, Matthias and Patel, Ashutosh and Nestor, Adrian},
    publisher = {Society for Neuroscience},
    url = {http://www.eneuro.org/content/early/2018/01/29/ENEURO.0358-17.2018},
    doi = {10.1523/ENEURO.0358-17.2018}
}

@article{Rosenblatt58theperceptron:,
    title = {{The Perceptron: A Probabilistic Model for Information Storage and Organization in The Brain}},
    year = {1958},
    journal = {Psychological Review},
    author = {Rosenblatt, F},
    pages = {65--386}
}

@article{solar_history,
    title = {{The photovoltaic effect and its utilization}},
    year = {1959},
    journal = {Solar Energy},
    author = {Rappaport, Paul},
    number = {4},
    pages = {8--18},
    volume = {3},
    url = {http://www.sciencedirect.com/science/article/pii/0038092X59900027},
    doi = {http://dx.doi.org/10.1016/0038-092X(59)90002-7},
    issn = {0038-092X}
}

@article{Klema1980SVD,
    title = {{The singular value decomposition: Its computation and some applications}},
    year = {1980},
    journal = {IEEE Transactions on Automatic Control},
    author = {Klema, V and Laub, A},
    number = {2},
    month = {4},
    pages = {164--176},
    volume = {25},
    doi = {10.1109/TAC.1980.1102314},
    issn = {2334-3303},
    keywords = {Computer applications, Control systems, Digital arithmetic, Distributed computing, Finite wordlength effects, Finite-wordlength effects, Floating-point arithmetic, Linear systems, Mathematical model, Matrices, Military computing, Numerical methods, Singular value decomposition, time-invariant continuous-time}
}

@article{topologyAircraft,
    title = {{Topology Optimisation of Aircraft Wing Box Ribs}},
    year = {2004},
    author = {Krog, Lars and Tucker, Alastair and Uk, Airbus and Kemp, Martin and Boyd Altair, Richard and Ltd, Engineering},
    doi = {10.2514/6.2004-4481}
}

@article{OSigmund20132aComparativeReview,
    title = {{Topology optimization approaches: A comparative review}},
    year = {2013},
    journal = {Structural and Multidisciplinary Optimization},
    author = {Sigmund, Ole and Maute, Kurt},
    number = {6},
    pages = {1031--1055},
    volume = {48},
    publisher = {Springer},
    doi = {10.1007/s00158-013-0978-6},
    issn = {1615-147X},
    keywords = {Density methods, Level set methods, Phase field methods, Structural optimization, Topological derivatives, Topology optimization}
}

@article{NAage2015TopOptUsingPETSc,
    title = {{Topology optimization using PETSc: An easy-to-use, fully parallel, open source topology optimization framework}},
    year = {2015},
    journal = {Structural and Multidisciplinary Optimization},
    author = {Aage, Niels and Andreassen, Erik and Lazarov, Boyan Stefanov},
    number = {3},
    pages = {565--572},
    volume = {51},
    publisher = {Springer},
    doi = {10.1007/s00158-014-1157-0},
    issn = {1615-147X},
    keywords = {Homogenization, Large scale, PETSc, Parallel computing, Topology optimization}
}

@incollection{NIPS2013_5071,
    title = {{Translating Embeddings for Modeling Multi-relational Data}},
    year = {2013},
    booktitle = {Advances in Neural Information Processing Systems 26},
    author = {Bordes, Antoine and Usunier, Nicolas and Garcia-Duran, Alberto and Weston, Jason and Yakhnenko, Oksana},
    editor = {Burges, C J C and Bottou, L and Welling, M and Ghahramani, Z and Weinberger, K Q},
    pages = {2787--2795},
    publisher = {Curran Associates, Inc.},
    url = {http://papers.nips.cc/paper/5071-translating-embeddings-for-modeling-multi-relational-data.pdf}
}

@incollection{NIPS2013_5071b,
    title = {{Translating Embeddings for Modeling Multi-relational Data}},
    year = {2013},
    booktitle = {Advances in Neural Information Processing Systems 26},
    author = {Bordes, Antoine and Usunier, Nicolas and Garcia-Duran, Alberto and Weston, Jason and Yakhnenko, Oksana},
    editor = {Burges, C J C and Bottou, L and Welling, M and Ghahramani, Z and Weinberger, K Q},
    pages = {2787--2795},
    publisher = {Curran Associates, Inc.},
    url = {http://papers.nips.cc/paper/5071-translating-embeddings-for-modeling-multi-relational-data.pdf}
}

@incollection{NIPS2009_3674,
    title = {{Unsupervised feature learning for audio classification using convolutional deep belief networks}},
    year = {2009},
    booktitle = {Advances in Neural Information Processing Systems 22},
    author = {Lee, Honglak and Pham, Peter and Largman, Yan and Ng, Andrew Y},
    editor = {Bengio, Y and Schuurmans, D and Lafferty, J D and Williams, C K I and Culotta, A},
    pages = {1096--1104},
    publisher = {Curran Associates, Inc.},
    url = {http://papers.nips.cc/paper/3674-unsupervised-feature-learning-for-audio-classification-using-convolutional-deep-belief-networks.pdf}
}

@inproceedings{10.3115/1075812.1075866,
    title = {{Using a Semantic Concordance for Sense Identification}},
    year = {1994},
    booktitle = {Proceedings of the Workshop on Human Language Technology},
    author = {Miller, George A and Chodorow, Martin and Landes, Shari and Leacock, Claudia and Thomas, Robert G},
    pages = {240â243},
    series = {HLT â94},
    publisher = {Association for Computational Linguistics},
    url = {https://doi.org/10.3115/1075812.1075866},
    address = {USA},
    isbn = {1558603573},
    doi = {10.3115/1075812.1075866}
}

@inproceedings{felbo-etal-2017-using,
    title = {{Using millions of emoji occurrences to learn any-domain representations for detecting sentiment, emotion and sarcasm}},
    year = {2017},
    booktitle = {Proceedings of the 2017 Conference on Empirical Methods in Natural Language Processing},
    author = {Felbo, Bjarke and Mislove, Alan and S{\o}gaard, Anders and Rahwan, Iyad and Lehmann, Sune},
    month = {9},
    pages = {1615--1625},
    publisher = {Association for Computational Linguistics},
    url = {https://www.aclweb.org/anthology/D17-1169},
    address = {Copenhagen, Denmark},
    doi = {10.18653/v1/D17-1169}
}

@article{Vrandecic2014Wikidata,
    title = {{Wikidata: A Free Collaborative Knowledge Base}},
    year = {2014},
    journal = {Communications of the ACM},
    author = {Vrande{\v{c}}i{\'{c}}, Denny and Kr{\"{o}}tzsch, Markus},
    pages = {78--85},
    volume = {57},
    url = {http://cacm.acm.org/magazines/2014/10/178785-wikidata/fulltext}
}

@article{Vrandecic2014Wikidatab,
    title = {{Wikidata: A Free Collaborative Knowledge Base}},
    year = {2014},
    journal = {Communications of the ACM},
    author = {Vrande{\v{c}}i{\'{c}}, Denny and Kr{\"{o}}tzsch, Markus},
    pages = {78--85},
    volume = {57},
    url = {http://cacm.acm.org/magazines/2014/10/178785-wikidata/fulltext}
}

@incollection{tucker64extension,
    title = {{{\{}T{\}}he extension of factor analysis to three-dimensional matrices}},
    year = {1964},
    booktitle = {{\{}C{\}}ontributions to mathematical psychology.},
    author = {Tucker, L R},
    editor = {Gulliksen, H and Frederiksen, N},
    pages = {110--127},
    publisher = {Holt, Rinehart and Winston},
    address = {New York},
    keywords = {three tucker 3mode analysis}
}

@article{Williams2017AInference,
    title = {{A Broad-Coverage Challenge Corpus for Sentence Understanding through Inference}},
    year = {2017},
    author = {Williams, Adina and Nangia, Nikita and Bowman, Samuel R.},
    month = {4},
    url = {http://arxiv.org/abs/1704.05426},
    arxivId = {1704.05426}
}

@inproceedings{Prabhavalkar2017ARecognition,
    title = {{A Comparison of Sequence-to-Sequence Models for Speech Recognition}},
    year = {2017},
    booktitle = {Interspeech 2017},
    author = {Prabhavalkar, Rohit and Rao, Kanishka and Sainath, Tara N. and Li, Bo and Johnson, Leif and Jaitly, Navdeep},
    month = {8},
    pages = {939--943},
    publisher = {ISCA},
    url = {http://www.isca-speech.org/archive/Interspeech_2017/abstracts/0233.html},
    address = {ISCA},
    doi = {10.21437/Interspeech.2017-233}
}

@article{Toshniwal2018ARecognition,
    title = {{A Comparison of Techniques for Language Model Integration in Encoder-Decoder Speech Recognition}},
    year = {2018},
    author = {Toshniwal, Shubham and Kannan, Anjuli and Chiu, Chung-Cheng and Wu, Yonghui and Sainath, Tara N and Livescu, Karen},
    month = {7},
    url = {http://arxiv.org/abs/1807.10857},
    arxivId = {1807.10857}
}

@article{Church1991ABigrams,
    title = {{A comparison of the enhanced Good-Turing and deleted estimation methods for estimating probabilities of English Bigrams}},
    year = {1991},
    journal = {Computer Speech {\&} Language},
    author = {Church, Kenneth W. and Gale, William A.},
    volume = {5}
}

@inproceedings{GokcenARecognition,
    title = {{A multilingual phoneme and model set: toward a universal base for automatic speech recognition}},
    booktitle = {1997 IEEE Workshop on Automatic Speech Recognition and Understanding Proceedings},
    author = {Gokcen, S. and Gokcen, J.M.},
    pages = {599--605},
    publisher = {IEEE},
    url = {http://ieeexplore.ieee.org/document/659141/},
    isbn = {0-7803-3698-4},
    doi = {10.1109/ASRU.1997.659141}
}

@article{Ahn2016AModel,
    title = {{A Neural Knowledge Language Model}},
    year = {2016},
    author = {Ahn, Sungjin and Choi, Heeyoul and P{\"{a}}rnamaa, Tanel and Bengio, Yoshua},
    month = {8},
    url = {http://arxiv.org/abs/1608.00318},
    arxivId = {1608.00318}
}

@article{Ji2020AApplications,
    title = {{A Survey on Knowledge Graphs: Representation, Acquisition and Applications}},
    year = {2020},
    author = {Ji, Shaoxiong and Pan, Shirui and Cambria, Erik and Marttinen, Pekka and Yu, Philip S.},
    month = {2},
    url = {http://arxiv.org/abs/2002.00388},
    arxivId = {2002.00388}
}

@article{Zhang2017ALearning,
    title = {{A Survey on Multi-Task Learning}},
    year = {2017},
    author = {Zhang, Yu and Yang, Qiang},
    month = {7},
    url = {http://arxiv.org/abs/1707.08114},
    arxivId = {1707.08114}
}

@article{Zhang2017ALearningb,
    title = {{A Survey on Multi-Task Learning}},
    year = {2017},
    author = {Zhang, Yu and Yang, Qiang},
    month = {7},
    url = {http://arxiv.org/abs/1707.08114},
    arxivId = {1707.08114}
}

@article{Gal2015ANetworks,
    title = {{A Theoretically Grounded Application of Dropout in Recurrent Neural Networks}},
    year = {2015},
    author = {Gal, Yarin and Ghahramani, Zoubin},
    month = {12},
    url = {http://arxiv.org/abs/1512.05287},
    arxivId = {1512.05287}
}

@inproceedings{Collobert2008AProcessing,
    title = {{A unified architecture for natural language processing}},
    year = {2008},
    booktitle = {Proceedings of the 25th international conference on Machine learning - ICML '08},
    author = {Collobert, Ronan and Weston, Jason},
    pages = {160--167},
    publisher = {ACM Press},
    url = {http://portal.acm.org/citation.cfm?doid=1390156.1390177},
    address = {New York, New York, USA},
    isbn = {9781605582054},
    doi = {10.1145/1390156.1390177}
}

@article{Kim2019Acoustic-to-WordInformation,
    title = {{Acoustic-to-Word Models with Conversational Context Information}},
    year = {2019},
    author = {Kim, Suyoun and Metze, Florian},
    month = {5},
    url = {http://arxiv.org/abs/1905.08796},
    arxivId = {1905.08796}
}

@article{Kingma2014Adam:Optimization,
    title = {{Adam: A Method for Stochastic Optimization}},
    year = {2014},
    author = {Kingma, Diederik P. and Ba, Jimmy},
    month = {12},
    url = {http://arxiv.org/abs/1412.6980},
    arxivId = {1412.6980}
}

@inproceedings{Liu2019AdversarialModel,
    title = {{Adversarial Training of End-to-end Speech Recognition Using a Criticizing Language Model}},
    year = {2019},
    booktitle = {ICASSP 2019 - 2019 IEEE International Conference on Acoustics, Speech and Signal Processing (ICASSP)},
    author = {Liu, Alexander H. and Lee, Hung-yi and Lee, Lin-shan},
    month = {5},
    pages = {6176--6180},
    publisher = {IEEE},
    url = {https://ieeexplore.ieee.org/document/8683602/},
    isbn = {978-1-4799-8131-1},
    doi = {10.1109/ICASSP.2019.8683602}
}

@article{Gardner2018AllenNLP:Platform,
    title = {{AllenNLP: A Deep Semantic Natural Language Processing Platform}},
    year = {2018},
    author = {Gardner, Matt and Grus, Joel and Neumann, Mark and Tafjord, Oyvind and Dasigi, Pradeep and Liu, Nelson and Peters, Matthew and Schmitz, Michael and Zettlemoyer, Luke},
    month = {3},
    url = {http://arxiv.org/abs/1803.07640},
    arxivId = {1803.07640}
}

@article{Kannan2017AnModel,
    title = {{An analysis of incorporating an external language model into a sequence-to-sequence model}},
    year = {2017},
    author = {Kannan, Anjuli and Wu, Yonghui and Nguyen, Patrick and Sainath, Tara N. and Chen, Zhifeng and Prabhavalkar, Rohit},
    month = {12},
    url = {http://arxiv.org/abs/1712.01996},
    arxivId = {1712.01996}
}

@article{Arora2018AnVisualization,
    title = {{An Analysis of the t-SNE Algorithm for Data Visualization}},
    year = {2018},
    author = {Arora, Sanjeev and Hu, Wei and Kothari, Pravesh K.},
    month = {3},
    url = {http://arxiv.org/abs/1803.01768},
    arxivId = {1803.01768}
}

@inproceedings{Chen1996AnModeling,
    title = {{An empirical study of smoothing techniques for language modeling}},
    year = {1996},
    booktitle = {Proceedings of the 34th annual meeting on Association for Computational Linguistics -},
    author = {Chen, Stanley F. and Goodman, Joshua},
    pages = {310--318},
    publisher = {Association for Computational Linguistics},
    url = {http://portal.acm.org/citation.cfm?doid=981863.981904},
    address = {Morristown, NJ, USA},
    doi = {10.3115/981863.981904}
}

@inproceedings{Chen1996AnModelingb,
    title = {{An empirical study of smoothing techniques for language modeling}},
    year = {1996},
    booktitle = {Proceedings of the 34th annual meeting on Association for Computational Linguistics -},
    author = {Chen, Stanley F. and Goodman, Joshua},
    pages = {310--318},
    publisher = {Association for Computational Linguistics},
    url = {http://portal.acm.org/citation.cfm?doid=981863.981904},
    address = {Morristown, NJ, USA},
    doi = {10.3115/981863.981904}
}

@article{Ruder2016AnAlgorithms,
    title = {{An overview of gradient descent optimization algorithms}},
    year = {2016},
    author = {Ruder, Sebastian},
    month = {9},
    url = {http://arxiv.org/abs/1609.04747},
    arxivId = {1609.04747}
}

@article{Vaswani2017AttentionNeed,
    title = {{Attention Is All You Need}},
    year = {2017},
    author = {Vaswani, Ashish and Shazeer, Noam and Parmar, Niki and Uszkoreit, Jakob and Jones, Llion and Gomez, Aidan N. and Kaiser, Lukasz and Polosukhin, Illia},
    month = {6},
    url = {http://arxiv.org/abs/1706.03762},
    arxivId = {1706.03762}
}

@article{Galassi2019AttentionProcessing,
    title = {{Attention, please! A Critical Review of Neural Attention Models in Natural Language Processing}},
    year = {2019},
    author = {Galassi, Andrea and Lippi, Marco and Torroni, Paolo},
    month = {2},
    url = {http://arxiv.org/abs/1902.02181},
    arxivId = {1902.02181}
}

@article{Chorowski2015Attention-BasedRecognition,
    title = {{Attention-Based Models for Speech Recognition}},
    year = {2015},
    author = {Chorowski, Jan and Bahdanau, Dzmitry and Serdyuk, Dmitriy and Cho, Kyunghyun and Bengio, Yoshua},
    month = {6},
    url = {http://arxiv.org/abs/1506.07503},
    arxivId = {1506.07503}
}

@article{Logan2019BaracksModeling,
    title = {{Barack's Wife Hillary: Using Knowledge-Graphs for Fact-Aware Language Modeling}},
    year = {2019},
    author = {Logan, Robert L. and Liu, Nelson F. and Peters, Matthew E. and Gardner, Matt and Singh, Sameer},
    month = {6},
    url = {http://arxiv.org/abs/1906.07241},
    arxivId = {1906.07241}
}

@article{Logan2019BaracksModelingb,
    title = {{Barack's Wife Hillary: Using Knowledge-Graphs for Fact-Aware Language Modeling}},
    year = {2019},
    author = {Logan, Robert L. and Liu, Nelson F. and Peters, Matthew E. and Gardner, Matt and Singh, Sameer},
    month = {6},
    url = {http://arxiv.org/abs/1906.07241},
    arxivId = {1906.07241}
}

@article{Ioffe2015BatchShift,
    title = {{Batch Normalization: Accelerating Deep Network Training by Reducing Internal Covariate Shift}},
    year = {2015},
    author = {Ioffe, Sergey and Szegedy, Christian},
    month = {2},
    url = {http://arxiv.org/abs/1502.03167},
    arxivId = {1502.03167}
}

@article{Ioffe2015BatchShiftb,
    title = {{Batch Normalization: Accelerating Deep Network Training by Reducing Internal Covariate Shift}},
    year = {2015},
    author = {Ioffe, Sergey and Szegedy, Christian},
    month = {2},
    url = {http://arxiv.org/abs/1502.03167},
    arxivId = {1502.03167}
}

@article{Poerner2019BERTQA,
    title = {{BERT is Not a Knowledge Base (Yet): Factual Knowledge vs. Name-Based Reasoning in Unsupervised QA}},
    year = {2019},
    author = {Poerner, Nina and Waltinger, Ulli and Sch{\"{u}}tze, Hinrich},
    month = {11},
    url = {http://arxiv.org/abs/1911.03681},
    arxivId = {1911.03681}
}

@article{Devlin2018BERT:Understanding,
    title = {{BERT: Pre-training of Deep Bidirectional Transformers for Language Understanding}},
    year = {2018},
    author = {Devlin, Jacob and Chang, Ming-Wei and Lee, Kenton and Toutanova, Kristina},
    month = {10},
    url = {http://arxiv.org/abs/1810.04805},
    arxivId = {1810.04805}
}

@article{Jang2016CategoricalGumbel-Softmax,
    title = {{Categorical Reparameterization with Gumbel-Softmax}},
    year = {2016},
    author = {Jang, Eric and Gu, Shixiang and Poole, Ben},
    month = {11},
    url = {http://arxiv.org/abs/1611.01144},
    arxivId = {1611.01144}
}

@article{Kim2015Character-AwareModels,
    title = {{Character-Aware Neural Language Models}},
    year = {2015},
    author = {Kim, Yoon and Jernite, Yacine and Sontag, David and Rush, Alexander M.},
    month = {8},
    url = {http://arxiv.org/abs/1508.06615},
    arxivId = {1508.06615}
}

@article{Al-Rfou2018Character-LevelSelf-Attention,
    title = {{Character-Level Language Modeling with Deeper Self-Attention}},
    year = {2018},
    author = {Al-Rfou, Rami and Choe, Dokook and Constant, Noah and Guo, Mandy and Jones, Llion},
    month = {8},
    url = {http://arxiv.org/abs/1808.04444},
    arxivId = {1808.04444}
}

@article{Sriram2017ColdModels,
    title = {{Cold Fusion: Training Seq2Seq Models Together with Language Models}},
    year = {2017},
    author = {Sriram, Anuroop and Jun, Heewoo and Satheesh, Sanjeev and Coates, Adam},
    month = {8},
    url = {http://arxiv.org/abs/1708.06426},
    arxivId = {1708.06426}
}

@article{Trouillon2016ComplexPrediction,
    title = {{Complex Embeddings for Simple Link Prediction}},
    year = {2016},
    author = {Trouillon, ThÃ©o and Welbl, Johannes and Riedel, Sebastian and Gaussier, Ãric and Bouchard, Guillaume},
    month = {6},
    url = {http://arxiv.org/abs/1606.06357},
    arxivId = {1606.06357}
}

@article{Trouillon2016ComplexPredictionb,
    title = {{Complex Embeddings for Simple Link Prediction}},
    year = {2016},
    author = {Trouillon, ThÃ©o and Welbl, Johannes and Riedel, Sebastian and Gaussier, Ãric and Bouchard, Guillaume},
    month = {6},
    url = {http://arxiv.org/abs/1606.06357},
    arxivId = {1606.06357}
}

@inproceedings{Shan2019ComponentSystem,
    title = {{Component Fusion: Learning Replaceable Language Model Component for End-to-end Speech Recognition System}},
    year = {2019},
    booktitle = {ICASSP 2019 - 2019 IEEE International Conference on Acoustics, Speech and Signal Processing (ICASSP)},
    author = {Shan, Changhao and Weng, Chao and Wang, Guangsen and Su, Dan and Luo, Min and Yu, Dong and Xie, Lei},
    month = {5},
    pages = {5361--5635},
    publisher = {IEEE},
    url = {https://ieeexplore.ieee.org/document/8682490/},
    isbn = {978-1-4799-8131-1},
    doi = {10.1109/ICASSP.2019.8682490}
}

@incollection{Deng1999ComputationalProduction,
    title = {{Computational Models for Speech Production}},
    year = {1999},
    booktitle = {Computational Models of Speech Pattern Processing},
    author = {Deng, Li},
    pages = {199--213},
    publisher = {Springer Berlin Heidelberg},
    url = {http://link.springer.com/10.1007/978-3-642-60087-6_20},
    address = {Berlin, Heidelberg},
    doi = {10.1007/978-3-642-60087-6{\_}20}
}

@inproceedings{Vasserman2016ContextualClasses,
    title = {{Contextual language model adaptation using dynamic classes}},
    year = {2016},
    booktitle = {2016 IEEE Spoken Language Technology Workshop (SLT)},
    author = {Vasserman, Lucy and Haynor, Ben and Aleksic, Petar},
    month = {12},
    pages = {441--446},
    publisher = {IEEE},
    url = {http://ieeexplore.ieee.org/document/7846301/},
    isbn = {978-1-5090-4903-5},
    doi = {10.1109/SLT.2016.7846301}
}

@inproceedings{Williams2018ContextualSearch,
    title = {{Contextual Speech Recognition in End-to-end Neural Network Systems Using Beam Search}},
    year = {2018},
    booktitle = {Interspeech 2018},
    author = {Williams, Ian and Kannan, Anjuli and Aleksic, Petar and Rybach, David and Sainath, Tara},
    month = {9},
    pages = {2227--2231},
    publisher = {ISCA},
    url = {http://www.isca-speech.org/archive/Interspeech_2018/abstracts/2416.html},
    address = {ISCA},
    doi = {10.21437/Interspeech.2018-2416}
}

@article{Alon2018ContextualExamples,
    title = {{Contextual Speech Recognition with Difficult Negative Training Examples}},
    year = {2018},
    author = {Alon, Uri and Pundak, Golan and Sainath, Tara N.},
    month = {10},
    url = {http://arxiv.org/abs/1810.12170},
    arxivId = {1810.12170}
}

@article{Dettmers2017ConvolutionalEmbeddings,
    title = {{Convolutional 2D Knowledge Graph Embeddings}},
    year = {2017},
    author = {Dettmers, Tim and Minervini, Pasquale and Stenetorp, Pontus and Riedel, Sebastian},
    month = {7},
    url = {http://arxiv.org/abs/1707.01476},
    arxivId = {1707.01476}
}

@article{Dettmers2017ConvolutionalEmbeddingsb,
    title = {{Convolutional 2D Knowledge Graph Embeddings}},
    year = {2017},
    author = {Dettmers, Tim and Minervini, Pasquale and Stenetorp, Pontus and Riedel, Sebastian},
    month = {7},
    url = {http://arxiv.org/abs/1707.01476},
    arxivId = {1707.01476}
}

@article{Yu2019Cross-LanguageLanguage,
    title = {{Cross-Language End-to-End Speech Recognition Research Based on Transfer Learning for the Low-Resource Tujia Language}},
    year = {2019},
    journal = {Symmetry},
    author = {Yu, Chongchong and Chen, Yunbing and Li, Yueqiao and Kang, Meng and Xu, Shixuan and Liu, Xueer},
    number = {2},
    month = {2},
    pages = {179},
    volume = {11},
    url = {http://www.mdpi.com/2073-8994/11/2/179},
    doi = {10.3390/sym11020179},
    issn = {2073-8994}
}

@article{Lample2019Cross-lingualPretraining,
    title = {{Cross-lingual Language Model Pretraining}},
    year = {2019},
    author = {Lample, Guillaume and Conneau, Alexis},
    month = {1},
    url = {http://arxiv.org/abs/1901.07291},
    arxivId = {1901.07291}
}

@article{Keskar2019CTRL:Generation,
    title = {{CTRL: A Conditional Transformer Language Model for Controllable Generation}},
    year = {2019},
    author = {Keskar, Nitish Shirish and McCann, Bryan and Varshney, Lav R. and Xiong, Caiming and Socher, Richard},
    month = {9},
    url = {http://arxiv.org/abs/1909.05858},
    arxivId = {1909.05858}
}

@article{Keskar2019CTRL:Generationb,
    title = {{CTRL: A Conditional Transformer Language Model for Controllable Generation}},
    year = {2019},
    author = {Keskar, Nitish Shirish and McCann, Bryan and Varshney, Lav R. and Xiong, Caiming and Socher, Richard},
    month = {9},
    url = {http://arxiv.org/abs/1909.05858},
    arxivId = {1909.05858}
}

@inproceedings{Kafle2017DataAnswering,
    title = {{Data Augmentation for Visual Question Answering}},
    year = {2017},
    booktitle = {Proceedings of the 10th International Conference on Natural Language Generation},
    author = {Kafle, Kushal and Yousefhussien, Mohammed and Kanan, Christopher},
    pages = {198--202},
    publisher = {Association for Computational Linguistics},
    url = {http://aclweb.org/anthology/W17-3529},
    address = {Stroudsburg, PA, USA},
    doi = {10.18653/v1/W17-3529}
}

@article{Pundak2018DeepRecognition,
    title = {{Deep context: end-to-end contextual speech recognition}},
    year = {2018},
    author = {Pundak, Golan and Sainath, Tara N. and Prabhavalkar, Rohit and Kannan, Anjuli and Zhao, Ding},
    month = {8},
    url = {http://arxiv.org/abs/1808.02480},
    arxivId = {1808.02480}
}

@article{Peters2018DeepRepresentations,
    title = {{Deep contextualized word representations}},
    year = {2018},
    author = {Peters, Matthew E. and Neumann, Mark and Iyyer, Mohit and Gardner, Matt and Clark, Christopher and Lee, Kenton and Zettlemoyer, Luke},
    month = {2},
    url = {http://arxiv.org/abs/1802.05365},
    arxivId = {1802.05365}
}

@article{Peters2018DeepRepresentationsb,
    title = {{Deep contextualized word representations}},
    year = {2018},
    author = {Peters, Matthew E. and Neumann, Mark and Iyyer, Mohit and Gardner, Matt and Clark, Christopher and Lee, Kenton and Zettlemoyer, Luke},
    month = {2},
    url = {http://arxiv.org/abs/1802.05365},
    arxivId = {1802.05365}
}

@article{Ganea2017DeepAttention,
    title = {{Deep Joint Entity Disambiguation with Local Neural Attention}},
    year = {2017},
    author = {Ganea, Octavian-Eugen and Hofmann, Thomas},
    month = {4},
    url = {http://arxiv.org/abs/1704.04920},
    arxivId = {1704.04920}
}

@article{Hestness2017DeepEmpirically,
    title = {{Deep Learning Scaling is Predictable, Empirically}},
    year = {2017},
    author = {Hestness, Joel and Narang, Sharan and Ardalani, Newsha and Diamos, Gregory and Jun, Heewoo and Kianinejad, Hassan and Patwary, Md. Mostofa Ali and Yang, Yang and Zhou, Yanqi},
    month = {12},
    url = {http://arxiv.org/abs/1712.00409},
    arxivId = {1712.00409}
}

@phdthesis{Mohamed2014DeepASR,
    title = {{Deep Neural Network acoustic models for ASR}},
    year = {2014},
    author = {Mohamed, Abdel-rahman},
    url = {https://tspace.library.utoronto.ca/bitstream/1807/44123/1/Mohamed_Abdel-rahman_201406_PhD_thesis.pdf},
    school = {University of Toronto}
}

@inproceedings{Thomas2013DeepRecognition,
    title = {{Deep neural network features and semi-supervised training for low resource speech recognition}},
    year = {2013},
    booktitle = {2013 IEEE International Conference on Acoustics, Speech and Signal Processing},
    author = {Thomas, Samuel and Seltzer, Michael L. and Church, Kenneth and Hermansky, Hynek},
    month = {5},
    pages = {6704--6708},
    publisher = {IEEE},
    url = {http://ieeexplore.ieee.org/document/6638959/},
    isbn = {978-1-4799-0356-6},
    doi = {10.1109/ICASSP.2013.6638959}
}

@article{Hinton2012DeepGroups,
    title = {{Deep Neural Networks for Acoustic Modeling in Speech Recognition: The Shared Views of Four Research Groups}},
    year = {2012},
    journal = {IEEE Signal Processing Magazine},
    author = {Hinton, Geoffrey and Deng, Li and Yu, Dong and Dahl, George and Mohamed, Abdel-rahman and Jaitly, Navdeep and Senior, Andrew and Vanhoucke, Vincent and Nguyen, Patrick and Sainath, Tara and Kingsbury, Brian},
    number = {6},
    month = {11},
    pages = {82--97},
    volume = {29},
    url = {http://ieeexplore.ieee.org/document/6296526/},
    doi = {10.1109/MSP.2012.2205597},
    issn = {1053-5888}
}

@article{He2015DeepRecognition,
    title = {{Deep Residual Learning for Image Recognition}},
    year = {2015},
    author = {He, Kaiming and Zhang, Xiangyu and Ren, Shaoqing and Sun, Jian},
    month = {12},
    url = {http://arxiv.org/abs/1512.03385},
    arxivId = {1512.03385}
}

@article{Wang2018DescribingBase,
    title = {{Describing a Knowledge Base}},
    year = {2018},
    author = {Wang, Qingyun and Pan, Xiaoman and Huang, Lifu and Zhang, Boliang and Jiang, Zhiying and Ji, Heng and Knight, Kevin},
    month = {9},
    url = {http://arxiv.org/abs/1809.01797},
    arxivId = {1809.01797}
}

@article{Sahidullah2012DesignRecognition,
    title = {{Design, analysis and experimental evaluation of block based transformation in MFCC computation for speaker recognition}},
    year = {2012},
    journal = {Speech Communication},
    author = {Sahidullah, Md. and Saha, Goutam},
    number = {4},
    month = {5},
    pages = {543--565},
    volume = {54},
    url = {https://linkinghub.elsevier.com/retrieve/pii/S0167639311001622},
    doi = {10.1016/j.specom.2011.11.004},
    issn = {01676393}
}

@article{Audhkhasi2017DirectRecognition,
    title = {{Direct Acoustics-to-Word Models for English Conversational Speech Recognition}},
    year = {2017},
    author = {Audhkhasi, Kartik and Ramabhadran, Bhuvana and Saon, George and Picheny, Michael and Nahamoo, David},
    month = {3},
    url = {http://arxiv.org/abs/1703.07754},
    arxivId = {1703.07754}
}

@article{Sanh2019DistilBERTLighter,
    title = {{DistilBERT, a distilled version of BERT: smaller, faster, cheaper and lighter}},
    year = {2019},
    author = {Sanh, Victor and Debut, Lysandre and Chaumond, Julien and Wolf, Thomas},
    month = {10},
    url = {http://arxiv.org/abs/1910.01108},
    arxivId = {1910.01108}
}

@article{Wang2018DOLORES:Embeddings,
    title = {{DOLORES: Deep Contextualized Knowledge Graph Embeddings}},
    year = {2018},
    author = {Wang, Haoyu and Kulkarni, Vivek and Wang, William Yang},
    month = {10},
    url = {http://arxiv.org/abs/1811.00147},
    arxivId = {1811.00147}
}

@techreport{Jeronimo2017DrivingRecognition,
    title = {{Driving New Revenue Streams from Intelligent Devices Through Sound Recognition}},
    year = {2017},
    author = {Jeronimo, Fransisco},
    pages = {12},
    institution = {IDC}
}

@article{Ji2017DynamicModels,
    title = {{Dynamic Entity Representations in Neural Language Models}},
    year = {2017},
    author = {Ji, Yangfeng and Tan, Chenhao and Martschat, Sebastian and Choi, Yejin and Smith, Noah A.},
    month = {8},
    url = {http://arxiv.org/abs/1708.00781},
    arxivId = {1708.00781}
}

@inproceedings{Ji2017DynamicModelsb,
    title = {{Dynamic Entity Representations in Neural Language Models}},
    year = {2017},
    booktitle = {Proceedings of the 2017 Conference on Empirical Methods in Natural Language Processing},
    author = {Ji, Yangfeng and Tan, Chenhao and Martschat, Sebastian and Choi, Yejin and Smith, Noah A.},
    pages = {1830--1839},
    publisher = {Association for Computational Linguistics},
    url = {http://aclweb.org/anthology/D17-1195},
    address = {Stroudsburg, PA, USA},
    doi = {10.18653/v1/D17-1195}
}

@article{Chen2018End-to-endDecoder,
    title = {{End-to-end contextual speech recognition using class language models and a token passing decoder}},
    year = {2018},
    author = {Chen, Zhehuai and Jain, Mahaveer and Wang, Yongqiang and Seltzer, Michael L. and Fuegen, Christian},
    month = {12},
    url = {http://arxiv.org/abs/1812.02142},
    arxivId = {1812.02142}
}

@article{Lee2017End-to-endResolution,
    title = {{End-to-end Neural Coreference Resolution}},
    year = {2017},
    author = {Lee, Kenton and He, Luheng and Lewis, Mike and Zettlemoyer, Luke},
    month = {7},
    url = {http://arxiv.org/abs/1707.07045},
    arxivId = {1707.07045}
}

@article{Kolitsas2018End-to-EndLinking,
    title = {{End-to-End Neural Entity Linking}},
    year = {2018},
    author = {Kolitsas, Nikolaos and Ganea, Octavian-Eugen and Hofmann, Thomas},
    month = {8},
    url = {http://arxiv.org/abs/1808.07699},
    arxivId = {1808.07699}
}

@article{Hori2018End-to-endModels,
    title = {{End-to-end Speech Recognition with Word-based RNN Language Models}},
    year = {2018},
    author = {Hori, Takaaki and Cho, Jaejin and Watanabe, Shinji},
    month = {8},
    url = {http://arxiv.org/abs/1808.02608},
    arxivId = {1808.02608}
}

@article{Hori2018End-to-endModelsb,
    title = {{End-to-end Speech Recognition with Word-based RNN Language Models}},
    year = {2018},
    author = {Hori, Takaaki and Cho, Jaejin and Watanabe, Shinji},
    month = {8},
    url = {http://arxiv.org/abs/1808.02608},
    arxivId = {1808.02608}
}

@article{Bojanowski2016EnrichingInformation,
    title = {{Enriching Word Vectors with Subword Information}},
    year = {2016},
    author = {Bojanowski, Piotr and Grave, Edouard and Joulin, Armand and Mikolov, Tomas},
    month = {7},
    url = {http://arxiv.org/abs/1607.04606},
    arxivId = {1607.04606}
}

@inproceedings{Gupta2017EntityContext,
    title = {{Entity Linking via Joint Encoding of Types, Descriptions, and Context}},
    year = {2017},
    booktitle = {Proceedings of the 2017 Conference on Empirical Methods in Natural Language Processing},
    author = {Gupta, Nitish and Singh, Sameer and Roth, Dan},
    pages = {2681--2690},
    publisher = {Association for Computational Linguistics},
    url = {http://aclweb.org/anthology/D17-1284},
    address = {Stroudsburg, PA, USA},
    doi = {10.18653/v1/D17-1284}
}

@article{Yoshioka2015EnvironmentallyModels,
    title = {{Environmentally robust ASR front-end for deep neural network acoustic models}},
    year = {2015},
    journal = {Computer Speech and Language},
    author = {Yoshioka, T. and Gales, M. J.F.},
    doi = {10.1016/j.csl.2014.11.008},
    issn = {10958363},
    keywords = {Deep neural network, Environmental robustness, Front-end, Meeting transcription}
}

@article{Zhang2019ERNIE:Entities,
    title = {{ERNIE: Enhanced Language Representation with Informative Entities}},
    year = {2019},
    author = {Zhang, Zhengyan and Han, Xu and Liu, Zhiyuan and Jiang, Xin and Sun, Maosong and Liu, Qun},
    month = {5},
    url = {http://arxiv.org/abs/1905.07129},
    arxivId = {1905.07129}
}

@article{Sun2019ERNIE:Integration,
    title = {{ERNIE: Enhanced Representation through Knowledge Integration}},
    year = {2019},
    author = {Sun, Yu and Wang, Shuohuan and Li, Yukun and Feng, Shikun and Chen, Xuyi and Zhang, Han and Tian, Xin and Zhu, Danxiang and Tian, Hao and Wu, Hua},
    month = {4},
    url = {http://arxiv.org/abs/1904.09223},
    arxivId = {1904.09223}
}

@article{Hoover2019ExBERT:Models,
    title = {{exBERT: A Visual Analysis Tool to Explore Learned Representations in Transformers Models}},
    year = {2019},
    author = {Hoover, Benjamin and Strobelt, Hendrik and Gehrmann, Sebastian},
    month = {10},
    url = {http://arxiv.org/abs/1910.05276},
    arxivId = {1910.05276}
}

@article{Battenberg2017ExploringRecognition,
    title = {{Exploring Neural Transducers for End-to-End Speech Recognition}},
    year = {2017},
    author = {Battenberg, Eric and Chen, Jitong and Child, Rewon and Coates, Adam and Gaur, Yashesh and Li, Yi and Liu, Hairong and Satheesh, Sanjeev and Seetapun, David and Sriram, Anuroop and Zhu, Zhenyao},
    month = {7},
    url = {http://arxiv.org/abs/1707.07413},
    arxivId = {1707.07413}
}

@article{Jozefowicz2016ExploringModeling,
    title = {{Exploring the Limits of Language Modeling}},
    year = {2016},
    author = {Jozefowicz, Rafal and Vinyals, Oriol and Schuster, Mike and Shazeer, Noam and Wu, Yonghui},
    month = {2},
    url = {http://arxiv.org/abs/1602.02410},
    arxivId = {1602.02410}
}

@article{Raffel2019ExploringTransformer,
    title = {{Exploring the Limits of Transfer Learning with a Unified Text-to-Text Transformer}},
    year = {2019},
    author = {Raffel, Colin and Shazeer, Noam and Roberts, Adam and Lee, Katherine and Narang, Sharan and Matena, Michael and Zhou, Yanqi and Li, Wei and Liu, Peter J.},
    month = {10},
    url = {http://arxiv.org/abs/1910.10683},
    arxivId = {1910.10683}
}

@article{Ma2019FlowSeq:Flow,
    title = {{FlowSeq: Non-Autoregressive Conditional Sequence Generation with Generative Flow}},
    year = {2019},
    author = {Ma, Xuezhe and Zhou, Chunting and Li, Xian and Neubig, Graham and Hovy, Eduard},
    month = {9},
    url = {http://arxiv.org/abs/1909.02480},
    arxivId = {1909.02480}
}

@article{Xiao2015FromPrediction,
    title = {{From One Point to A Manifold: Knowledge Graph Embedding For Precise Link Prediction}},
    year = {2015},
    author = {Xiao, Han and Huang, Minlie and Zhu, Xiaoyan},
    month = {12},
    url = {http://arxiv.org/abs/1512.04792},
    arxivId = {1512.04792}
}

@article{Xiao2015FromPredictionb,
    title = {{From One Point to A Manifold: Knowledge Graph Embedding For Precise Link Prediction}},
    year = {2015},
    author = {Xiao, Han and Huang, Minlie and Zhu, Xiaoyan},
    month = {12},
    url = {http://arxiv.org/abs/1512.04792},
    arxivId = {1512.04792}
}

@article{Xiong2015Front-endFeatures,
    title = {{Front-end technologies for robust ASR in reverberant environmentsâspectral enhancement-based dereverberation and auditory modulation filterbank features}},
    year = {2015},
    journal = {EURASIP Journal on Advances in Signal Processing},
    author = {Xiong, Feifei and Meyer, Bernd T and Moritz, Niko and Rehr, Robert and Anem{\"{u}}ller, JÃ¶rn and Gerkmann, Timo and Doclo, Simon and Goetze, Stefan},
    number = {1},
    pages = {70},
    volume = {2015},
    url = {https://doi.org/10.1186/s13634-015-0256-4},
    doi = {10.1186/s13634-015-0256-4},
    issn = {1687-6180}
}

@article{Zeghidour2018FullyRecognition,
    title = {{Fully Convolutional Speech Recognition}},
    year = {2018},
    author = {Zeghidour, Neil and Xu, Qiantong and Liptchinsky, Vitaliy and Usunier, Nicolas and Synnaeve, Gabriel and Collobert, Ronan},
    month = {12},
    url = {http://arxiv.org/abs/1812.06864},
    arxivId = {1812.06864}
}

@article{Kim2019GatedFusion,
    title = {{Gated Embeddings in End-to-End Speech Recognition for Conversational-Context Fusion}},
    year = {2019},
    author = {Kim, Suyoun and Dalmia, Siddharth and Metze, Florian},
    month = {6},
    url = {http://arxiv.org/abs/1906.11604},
    arxivId = {1906.11604}
}

@article{Hendrycks2016GaussianGELUs,
    title = {{Gaussian Error Linear Units (GELUs)}},
    year = {2016},
    author = {Hendrycks, Dan and Gimpel, Kevin},
    month = {6},
    url = {http://arxiv.org/abs/1606.08415},
    arxivId = {1606.08415}
}

@article{Neubig2016GeneralizingModels,
    title = {{Generalizing and Hybridizing Count-based and Neural Language Models}},
    year = {2016},
    author = {Neubig, Graham and Dyer, Chris},
    month = {6},
    url = {http://arxiv.org/abs/1606.00499},
    arxivId = {1606.00499}
}

@inproceedings{Pennington2014Glove:Representation,
    title = {{Glove: Global Vectors for Word Representation}},
    year = {2014},
    booktitle = {Proceedings of the 2014 Conference on Empirical Methods in Natural Language Processing (EMNLP)},
    author = {Pennington, Jeffrey and Socher, Richard and Manning, Christopher},
    pages = {1532--1543},
    publisher = {Association for Computational Linguistics},
    url = {http://aclweb.org/anthology/D14-1162},
    address = {Stroudsburg, PA, USA},
    doi = {10.3115/v1/D14-1162}
}

@inproceedings{Pennington2014Glove:Representationb,
    title = {{Glove: Global Vectors for Word Representation}},
    year = {2014},
    booktitle = {Proceedings of the 2014 Conference on Empirical Methods in Natural Language Processing (EMNLP)},
    author = {Pennington, Jeffrey and Socher, Richard and Manning, Christopher},
    pages = {1532--1543},
    publisher = {Association for Computational Linguistics},
    url = {http://aclweb.org/anthology/D14-1162},
    address = {Stroudsburg, PA, USA},
    doi = {10.3115/v1/D14-1162}
}

@article{Wang2018GLUE:Understanding,
    title = {{GLUE: A Multi-Task Benchmark and Analysis Platform for Natural Language Understanding}},
    year = {2018},
    author = {Wang, Alex and Singh, Amanpreet and Michael, Julian and Hill, Felix and Levy, Omer and Bowman, Samuel R.},
    month = {4},
    url = {http://arxiv.org/abs/1804.07461},
    arxivId = {1804.07461}
}

@article{Wu2016GooglesTranslation,
    title = {{Google's Neural Machine Translation System: Bridging the Gap between Human and Machine Translation}},
    year = {2016},
    author = {Wu, Yonghui and Schuster, Mike and Chen, Zhifeng and Le, Quoc V. and Norouzi, Mohammad and Macherey, Wolfgang and Krikun, Maxim and Cao, Yuan and Gao, Qin and Macherey, Klaus and Klingner, Jeff and Shah, Apurva and Johnson, Melvin and Liu, Xiaobing and Kaiser, Åukasz and Gouws, Stephan and Kato, Yoshikiyo and Kudo, Taku and Kazawa, Hideto and Stevens, Keith and Kurian, George and Patil, Nishant and Wang, Wei and Young, Cliff and Smith, Jason and Riesa, Jason and Rudnick, Alex and Vinyals, Oriol and Corrado, Greg and Hughes, Macduff and Dean, Jeffrey},
    month = {9},
    url = {http://arxiv.org/abs/1609.08144},
    arxivId = {1609.08144}
}

@article{Krishna2018HierarchicalRecognition,
    title = {{Hierarchical Multitask Learning for CTC-based Speech Recognition}},
    year = {2018},
    author = {Krishna, Kalpesh and Toshniwal, Shubham and Livescu, Karen},
    month = {7},
    url = {http://arxiv.org/abs/1807.06234},
    arxivId = {1807.06234}
}

@article{Jiang2019HowKnow,
    title = {{How Can We Know What Language Models Know?}},
    year = {2019},
    author = {Jiang, Zhengbao and Xu, Frank F. and Araki, Jun and Neubig, Graham},
    month = {11},
    url = {http://arxiv.org/abs/1911.12543},
    arxivId = {1911.12543}
}

@article{Jiang2019HowKnowb,
    title = {{How Can We Know What Language Models Know?}},
    year = {2019},
    author = {Jiang, Zhengbao and Xu, Frank F. and Araki, Jun and Neubig, Graham},
    month = {11},
    url = {http://arxiv.org/abs/1911.12543},
    arxivId = {1911.12543}
}

@article{Heaton2018IanLearning,
    title = {{Ian Goodfellow, Yoshua Bengio, and Aaron Courville: Deep learning}},
    year = {2018},
    journal = {Genetic Programming and Evolvable Machines},
    author = {Heaton, Jeff},
    number = {1-2},
    month = {6},
    pages = {305--307},
    volume = {19},
    url = {http://link.springer.com/10.1007/s10710-017-9314-z},
    doi = {10.1007/s10710-017-9314-z},
    issn = {1389-2576}
}

@inproceedings{KneserImprovedModeling,
    title = {{Improved backing-off for M-gram language modeling}},
    booktitle = {1995 International Conference on Acoustics, Speech, and Signal Processing},
    author = {Kneser, R. and Ney, H.},
    pages = {181--184},
    volume = {1},
    publisher = {IEEE},
    url = {http://ieeexplore.ieee.org/document/479394/},
    isbn = {0-7803-2431-5},
    doi = {10.1109/ICASSP.1995.479394}
}

@inproceedings{KneserImprovedModelingb,
    title = {{Improved backing-off for M-gram language modeling}},
    booktitle = {1995 International Conference on Acoustics, Speech, and Signal Processing},
    author = {Kneser, R. and Ney, H.},
    pages = {181--184},
    volume = {1},
    publisher = {IEEE},
    url = {http://ieeexplore.ieee.org/document/479394/},
    isbn = {0-7803-2431-5},
    doi = {10.1109/ICASSP.1995.479394}
}

@article{Radford2018ImprovingLearning,
    title = {{Improving language understanding with unsupervised learning}},
    year = {2018},
    journal = {Technical Report, OpenAI},
    author = {Radford, Alec and Narasimhan, Karthik and Salimans, Tim and Sutskever, Ilya},
    pages = {16}
}

@article{Gu2016IncorporatingLearning,
    title = {{Incorporating Copying Mechanism in Sequence-to-Sequence Learning}},
    year = {2016},
    author = {Gu, Jiatao and Lu, Zhengdong and Li, Hang and Li, Victor O. K.},
    month = {3},
    url = {http://arxiv.org/abs/1603.06393},
    arxivId = {1603.06393}
}

@article{Bouraoui2019InducingBERT,
    title = {{Inducing Relational Knowledge from BERT}},
    year = {2019},
    author = {Bouraoui, Zied and Camacho-Collados, Jose and Schockaert, Steven},
    month = {11},
    url = {http://arxiv.org/abs/1911.12753},
    arxivId = {1911.12753}
}

@article{Liu2019K-BERT:Graph,
    title = {{K-BERT: Enabling Language Representation with Knowledge Graph}},
    year = {2019},
    author = {Liu, Weijie and Zhou, Peng and Zhao, Zhe and Wang, Zhiruo and Ju, Qi and Deng, Haotang and Wang, Ping},
    month = {9},
    url = {http://arxiv.org/abs/1909.07606},
    arxivId = {1909.07606}
}

@article{Wang2019KEPLER:Representation,
    title = {{KEPLER: A Unified Model for Knowledge Embedding and Pre-trained Language Representation}},
    year = {2019},
    author = {Wang, Xiaozhi and Gao, Tianyu and Zhu, Zhaocheng and Liu, Zhiyuan and Li, Juanzi and Tang, Jian},
    month = {11},
    url = {http://arxiv.org/abs/1911.06136},
    arxivId = {1911.06136}
}

@article{Peters2019KnowledgeRepresentations,
    title = {{Knowledge Enhanced Contextual Word Representations}},
    year = {2019},
    author = {Peters, Matthew E. and Neumann, Mark and Logan, Robert L. and Schwartz, Roy and Joshi, Vidur and Singh, Sameer and Smith, Noah A.},
    month = {9},
    url = {http://arxiv.org/abs/1909.04164},
    arxivId = {1909.04164}
}

@article{Peters2019KnowledgeRepresentationsb,
    title = {{Knowledge Enhanced Contextual Word Representations}},
    year = {2019},
    author = {Peters, Matthew E. and Neumann, Mark and Logan, Robert L. and Schwartz, Roy and Joshi, Vidur and Singh, Sameer and Smith, Noah A.},
    month = {9},
    url = {http://arxiv.org/abs/1909.04164},
    arxivId = {1909.04164}
}

@article{Dauphin2016LanguageNetworks,
    title = {{Language Modeling with Gated Convolutional Networks}},
    year = {2016},
    author = {Dauphin, Yann N. and Fan, Angela and Auli, Michael and Grangier, David},
    month = {12},
    url = {http://arxiv.org/abs/1612.08083},
    arxivId = {1612.08083}
}

@phdthesis{Popkes2018LanguageNetworks,
    title = {{Language Modelling with Recurrent Neural Networks}},
    year = {2018},
    author = {Popkes, Anna-Lena},
    url = {http://alpopkes.com/files/thesis_APopkes.pdf},
    school = {Rheinische Friedrich-Wilhelms-Universit{\"{a}}t Bonn}
}

@article{Petroni2019LanguageBases,
    title = {{Language Models as Knowledge Bases?}},
    year = {2019},
    author = {Petroni, Fabio and Rockt{\"{a}}schel, Tim and Lewis, Patrick and Bakhtin, Anton and Wu, Yuxiang and Miller, Alexander H. and Riedel, Sebastian},
    month = {9},
    url = {http://arxiv.org/abs/1909.01066},
    arxivId = {1909.01066}
}

@article{Ling2016LatentGeneration,
    title = {{Latent Predictor Networks for Code Generation}},
    year = {2016},
    author = {Ling, Wang and Grefenstette, Edward and Hermann, Karl Moritz and Ko{\v{c}}isk{\'{y}}, TomÃ¡Å¡ and Senior, Andrew and Wang, Fumin and Blunsom, Phil},
    month = {3},
    url = {http://arxiv.org/abs/1603.06744},
    arxivId = {1603.06744}
}

@article{Hayashi2019LatentModels,
    title = {{Latent Relation Language Models}},
    year = {2019},
    author = {Hayashi, Hiroaki and Hu, Zecong and Xiong, Chenyan and Neubig, Graham},
    month = {8},
    url = {http://arxiv.org/abs/1908.07690},
    arxivId = {1908.07690}
}

@article{Ba2016LayerNormalization,
    title = {{Layer Normalization}},
    year = {2016},
    author = {Ba, Jimmy Lei and Kiros, Jamie Ryan and Hinton, Geoffrey E.},
    month = {7},
    url = {http://arxiv.org/abs/1607.06450},
    arxivId = {1607.06450}
}

@article{Subramanian2018LearningLearning,
    title = {{Learning General Purpose Distributed Sentence Representations via Large Scale Multi-task Learning}},
    year = {2018},
    author = {Subramanian, Sandeep and Trischler, Adam and Bengio, Yoshua and Pal, Christopher J},
    month = {3},
    url = {http://arxiv.org/abs/1804.00079},
    arxivId = {1804.00079}
}

@article{Bengio1994LearningDifficult,
    title = {{Learning long-term dependencies with gradient descent is difficult}},
    year = {1994},
    journal = {IEEE Transactions on Neural Networks},
    author = {Bengio, Y. and Simard, P. and Frasconi, P.},
    number = {2},
    month = {3},
    pages = {157--166},
    volume = {5},
    url = {https://ieeexplore.ieee.org/document/279181/},
    doi = {10.1109/72.279181},
    issn = {1045-9227}
}

@article{Rumelhart1986LearningErrors,
    title = {{Learning representations by back-propagating errors}},
    year = {1986},
    journal = {Nature},
    author = {Rumelhart, David E. and Hinton, Geoffrey E. and Williams, Ronald J.},
    number = {6088},
    month = {10},
    pages = {533--536},
    volume = {323},
    url = {http://www.nature.com/articles/323533a0},
    doi = {10.1038/323533a0},
    issn = {0028-0836}
}

@article{Yang2019LeveragingReading,
    title = {{Leveraging Knowledge Bases in LSTMs for Improving Machine Reading}},
    year = {2019},
    author = {Yang, Bishan and Mitchell, Tom},
    month = {2},
    url = {http://arxiv.org/abs/1902.09091},
    arxivId = {1902.09091}
}

@inproceedings{Panayotov2015Librispeech:Books,
    title = {{Librispeech: An ASR corpus based on public domain audio books}},
    year = {2015},
    booktitle = {2015 IEEE International Conference on Acoustics, Speech and Signal Processing (ICASSP)},
    author = {Panayotov, Vassil and Chen, Guoguo and Povey, Daniel and Khudanpur, Sanjeev},
    month = {4},
    pages = {5206--5210},
    publisher = {IEEE},
    url = {http://ieeexplore.ieee.org/document/7178964/},
    isbn = {978-1-4673-6997-8},
    doi = {10.1109/ICASSP.2015.7178964}
}

@article{Chan2015ListenSpell,
    title = {{Listen, Attend and Spell}},
    year = {2015},
    author = {Chan, William and Jaitly, Navdeep and Le, Quoc V. and Vinyals, Oriol},
    month = {8},
    url = {http://arxiv.org/abs/1508.01211},
    arxivId = {1508.01211}
}

@article{Hochreiter1997LongMemory,
    title = {{Long Short-Term Memory}},
    year = {1997},
    journal = {Neural Computation},
    author = {Hochreiter, Sepp and Schmidhuber, JÃ¼rgen},
    number = {8},
    month = {11},
    pages = {1735--1780},
    volume = {9},
    url = {http://www.mitpressjournals.org/doi/10.1162/neco.1997.9.8.1735},
    doi = {10.1162/neco.1997.9.8.1735},
    issn = {0899-7667},
    arxivId = {10.1162/neco.1997.9.8.1735}
}

@article{Shoeybi2019Megatron-LM:Parallelism,
    title = {{Megatron-LM: Training Multi-Billion Parameter Language Models Using Model Parallelism}},
    year = {2019},
    author = {Shoeybi, Mohammad and Patwary, Mostofa and Puri, Raul and LeGresley, Patrick and Casper, Jared and Catanzaro, Bryan},
    month = {9},
    url = {http://arxiv.org/abs/1909.08053},
    arxivId = {1909.08053}
}

@inproceedings{Chinchor1992MUC-4Metrics,
    title = {{MUC-4 evaluation metrics}},
    year = {1992},
    booktitle = {Proceedings of the 4th conference on Message understanding - MUC4 '92},
    author = {Chinchor, Nancy},
    pages = {22},
    publisher = {Association for Computational Linguistics},
    url = {http://portal.acm.org/citation.cfm?doid=1072064.1072067},
    address = {Morristown, NJ, USA},
    isbn = {1558602739},
    doi = {10.3115/1072064.1072067}
}

@article{Liu2019Multi-TaskUnderstanding,
    title = {{Multi-Task Deep Neural Networks for Natural Language Understanding}},
    year = {2019},
    author = {Liu, Xiaodong and He, Pengcheng and Chen, Weizhu and Gao, Jianfeng},
    month = {1},
    url = {http://arxiv.org/abs/1901.11504},
    arxivId = {1901.11504}
}

@article{Botev2016NesterovsDescent,
    title = {{Nesterov's Accelerated Gradient and Momentum as approximations to Regularised Update Descent}},
    year = {2016},
    author = {Botev, Aleksandar and Lever, Guy and Barber, David},
    month = {7},
    url = {http://arxiv.org/abs/1607.01981},
    arxivId = {1607.01981}
}

@article{Cao2018NeuralLinking,
    title = {{Neural Collective Entity Linking}},
    year = {2018},
    author = {Cao, Yixin and Hou, Lei and Li, Juanzi and Liu, Zhiyuan},
    month = {11},
    url = {http://arxiv.org/abs/1811.08603},
    arxivId = {1811.08603}
}

@article{Bahdanau2014NeuralTranslate,
    title = {{Neural Machine Translation by Jointly Learning to Align and Translate}},
    year = {2014},
    author = {Bahdanau, Dzmitry and Cho, Kyunghyun and Bengio, Yoshua},
    month = {9},
    url = {http://arxiv.org/abs/1409.0473},
    arxivId = {1409.0473}
}

@article{Bahdanau2014NeuralTranslateb,
    title = {{Neural Machine Translation by Jointly Learning to Align and Translate}},
    year = {2014},
    author = {Bahdanau, Dzmitry and Cho, Kyunghyun and Bengio, Yoshua},
    month = {9},
    url = {http://arxiv.org/abs/1409.0473},
    arxivId = {1409.0473}
}

@article{Chen2017NeuralKnowledge,
    title = {{Neural Natural Language Inference Models Enhanced with External Knowledge}},
    year = {2017},
    author = {Chen, Qian and Zhu, Xiaodan and Ling, Zhen-Hua and Inkpen, Diana and Wei, Si},
    month = {11},
    url = {http://arxiv.org/abs/1711.04289},
    arxivId = {1711.04289}
}

@incollection{Istrate2006NISTMeetings,
    title = {{NIST RTâ05S Evaluation: Pre-processing Techniques and Speaker Diarization on Multiple Microphone Meetings}},
    year = {2006},
    author = {Istrate, Dan and Fredouille, Corinne and Meignier, Sylvain and Besacier, Laurent and Bonastre, Jean FranÃ§ois},
    pages = {428--439},
    url = {http://link.springer.com/10.1007/11677482_36},
    doi = {10.1007/11677482{\_}36}
}

@article{NoTitle,
    title = {{No Title}},
    arxivId = {rXiv:1712.09405v1}
}

@article{NoTitleb,
    title = {{No Title}},
    arxivId = {1909.07606}
}

@article{Sjoberg1995NonlinearOverview,
    title = {{Nonlinear black-box modeling in system identification: a unified overview}},
    year = {1995},
    journal = {Automatica},
    author = {Sj{\"{o}}berg, Jonas and Zhang, Qinghua and Ljung, Lennart and Benveniste, Albert and Delyon, Bernard and Glorennec, Pierre-Yves and Hjalmarsson, HÃ¥kan and Juditsky, Anatoli},
    number = {12},
    month = {12},
    pages = {1691--1724},
    volume = {31},
    url = {https://linkinghub.elsevier.com/retrieve/pii/0005109895001208},
    doi = {10.1016/0005-1098(95)00120-8},
    issn = {00051098}
}

@article{Gulcehre2015OnTranslation,
    title = {{On Using Monolingual Corpora in Neural Machine Translation}},
    year = {2015},
    author = {Gulcehre, Caglar and Firat, Orhan and Xu, Kelvin and Cho, Kyunghyun and Barrault, Loic and Lin, Huei-Chi and Bougares, Fethi and Schwenk, Holger and Bengio, Yoshua},
    month = {3},
    url = {http://arxiv.org/abs/1503.03535},
    arxivId = {1503.03535}
}

@inproceedings{Han2018OpenKE:Embedding,
    title = {{OpenKE: An Open Toolkit for Knowledge Embedding}},
    year = {2018},
    booktitle = {Proceedings of the 2018 Conference on Empirical Methods in Natural Language Processing: System Demonstrations},
    author = {Han, Xu and Cao, Shulin and Lv, Xin and Lin, Yankai and Liu, Zhiyuan and Sun, Maosong and Li, Juanzi},
    pages = {139--144},
    publisher = {Association for Computational Linguistics},
    url = {http://aclweb.org/anthology/D18-2024},
    address = {Stroudsburg, PA, USA},
    doi = {10.18653/v1/D18-2024}
}

@misc{Top500.org2019PerformanceDevelopment,
    title = {{Performance Development}},
    year = {2019},
    booktitle = {top500.org},
    author = {{Top500.org}},
    url = {https://www.top500.org/statistics/perfdevel/}
}

@article{Hu2019Phoneme-BasedModels,
    title = {{Phoneme-Based Contextualization for Cross-Lingual Speech Recognition in End-to-End Models}},
    year = {2019},
    author = {Hu, Ke and Bruguier, Antoine and Sainath, Tara N. and Prabhavalkar, Rohit and Pundak, Golan},
    month = {6},
    url = {http://arxiv.org/abs/1906.09292},
    arxivId = {1906.09292}
}

@article{Yu2019PlayingNLP,
    title = {{Playing the lottery with rewards and multiple languages: lottery tickets in RL and NLP}},
    year = {2019},
    author = {Yu, Haonan and Edunov, Sergey and Tian, Yuandong and Morcos, Ari S.},
    month = {6},
    url = {http://arxiv.org/abs/1906.02768},
    arxivId = {1906.02768}
}

@article{Dathathri2019PlugGeneration,
    title = {{Plug and Play Language Models: A Simple Approach to Controlled Text Generation}},
    year = {2019},
    author = {Dathathri, Sumanth and Madotto, Andrea and Lan, Janice and Hung, Jane and Frank, Eric and Molino, Piero and Yosinski, Jason and Liu, Rosanne},
    month = {12},
    url = {http://arxiv.org/abs/1912.02164},
    arxivId = {1912.02164}
}

@article{Gulcehre2016PointingWords,
    title = {{Pointing the Unknown Words}},
    year = {2016},
    author = {Gulcehre, Caglar and Ahn, Sungjin and Nallapati, Ramesh and Zhou, Bowen and Bengio, Yoshua},
    month = {3},
    url = {http://arxiv.org/abs/1603.08148},
    arxivId = {1603.08148}
}

@article{Lerer2019PyTorch-BigGraph:System,
    title = {{PyTorch-BigGraph: A Large-scale Graph Embedding System}},
    year = {2019},
    author = {Lerer, Adam and Wu, Ledell and Shen, Jiajun and Lacroix, Timothee and Wehrstedt, Luca and Bose, Abhijit and Peysakhovich, Alex},
    month = {3},
    url = {http://arxiv.org/abs/1903.12287},
    arxivId = {1903.12287}
}

@article{Dyer2016RecurrentGrammars,
    title = {{Recurrent Neural Network Grammars}},
    year = {2016},
    author = {Dyer, Chris and Kuncoro, Adhiguna and Ballesteros, Miguel and Smith, Noah A.},
    month = {2},
    url = {http://arxiv.org/abs/1602.07776},
    arxivId = {1602.07776}
}

@article{Zaremba2014RecurrentRegularization,
    title = {{Recurrent Neural Network Regularization}},
    year = {2014},
    author = {Zaremba, Wojciech and Sutskever, Ilya and Vinyals, Oriol},
    month = {9},
    url = {http://arxiv.org/abs/1409.2329},
    arxivId = {1409.2329}
}

@article{Merity2017RegularizingModels,
    title = {{Regularizing and Optimizing LSTM Language Models}},
    year = {2017},
    author = {Merity, Stephen and Keskar, Nitish Shirish and Socher, Richard},
    month = {8},
    url = {http://arxiv.org/abs/1708.02182},
    arxivId = {1708.02182}
}

@article{Battaglia2018RelationalNetworks,
    title = {{Relational inductive biases, deep learning, and graph networks}},
    year = {2018},
    author = {Battaglia, Peter W. and Hamrick, Jessica B. and Bapst, Victor and Sanchez-Gonzalez, Alvaro and Zambaldi, Vinicius and Malinowski, Mateusz and Tacchetti, Andrea and Raposo, David and Santoro, Adam and Faulkner, Ryan and Gulcehre, Caglar and Song, Francis and Ballard, Andrew and Gilmer, Justin and Dahl, George and Vaswani, Ashish and Allen, Kelsey and Nash, Charles and Langston, Victoria and Dyer, Chris and Heess, Nicolas and Wierstra, Daan and Kohli, Pushmeet and Botvinick, Matt and Vinyals, Oriol and Li, Yujia and Pascanu, Razvan},
    month = {6},
    url = {http://arxiv.org/abs/1806.01261},
    arxivId = {1806.01261}
}

@inproceedings{Williams2017Rescoring-AwareRecognition,
    title = {{Rescoring-Aware Beam Search for Reduced Search Errors in Contextual Automatic Speech Recognition}},
    year = {2017},
    booktitle = {Interspeech 2017},
    author = {Williams, Ian and Aleksic, Petar},
    month = {8},
    pages = {508--512},
    publisher = {ISCA},
    url = {http://www.isca-speech.org/archive/Interspeech_2017/abstracts/1671.html},
    address = {ISCA},
    doi = {10.21437/Interspeech.2017-1671}
}

@article{Merity2017RevisitingRNNs,
    title = {{Revisiting Activation Regularization for Language RNNs}},
    year = {2017},
    author = {Merity, Stephen and McCann, Bryan and Socher, Richard},
    month = {8},
    url = {http://arxiv.org/abs/1708.01009},
    arxivId = {1708.01009}
}

@article{Kuncoro2019ScalableDistillation,
    title = {{Scalable Syntax-Aware Language Models Using Knowledge Distillation}},
    year = {2019},
    author = {Kuncoro, Adhiguna and Dyer, Chris and Rimell, Laura and Clark, Stephen and Blunsom, Phil},
    month = {6},
    url = {http://arxiv.org/abs/1906.06438},
    arxivId = {1906.06438}
}

@article{Salazar2019Self-AttentionRecognition,
    title = {{Self-Attention Networks for Connectionist Temporal Classification in Speech Recognition}},
    year = {2019},
    author = {Salazar, Julian and Kirchhoff, Katrin and Huang, Zhiheng},
    month = {1},
    url = {http://arxiv.org/abs/1901.10055 http://dx.doi.org/10.1109/ICASSP.2019.8682539},
    doi = {10.1109/ICASSP.2019.8682539},
    arxivId = {1901.10055}
}

@inproceedings{Velikovich2018SemanticAssistant,
    title = {{Semantic Lattice Processing in Contextual Automatic Speech Recognition for Google Assistant}},
    year = {2018},
    booktitle = {Interspeech 2018},
    author = {Velikovich, Leonid and Williams, Ian and Scheiner, Justin and Aleksic, Petar and Moreno, Pedro and Riley, Michael},
    month = {9},
    pages = {2222--2226},
    publisher = {ISCA},
    url = {http://www.isca-speech.org/archive/Interspeech_2018/abstracts/2453.html},
    address = {ISCA},
    doi = {10.21437/Interspeech.2018-2453}
}

@article{Dai2015Semi-supervisedLearning,
    title = {{Semi-supervised Sequence Learning}},
    year = {2015},
    author = {Dai, Andrew M. and Le, Quoc V.},
    month = {11},
    url = {http://arxiv.org/abs/1511.01432},
    arxivId = {1511.01432}
}

@article{Levine2019SenseBERT:BERT,
    title = {{SenseBERT: Driving Some Sense into BERT}},
    year = {2019},
    author = {Levine, Yoav and Lenz, Barak and Dagan, Or and Padnos, Dan and Sharir, Or and Shalev-Shwartz, Shai and Shashua, Amnon and Shoham, Yoav},
    month = {8},
    url = {http://arxiv.org/abs/1908.05646},
    arxivId = {1908.05646}
}

@article{Sutskever2014SequenceNetworks,
    title = {{Sequence to Sequence Learning with Neural Networks}},
    year = {2014},
    author = {Sutskever, Ilya and Vinyals, Oriol and Le, Quoc V.},
    month = {9},
    url = {http://arxiv.org/abs/1409.3215},
    arxivId = {1409.3215}
}

@article{Graves2012SequenceNetworks,
    title = {{Sequence Transduction with Recurrent Neural Networks}},
    year = {2012},
    author = {Graves, Alex},
    month = {11},
    url = {http://arxiv.org/abs/1211.3711},
    arxivId = {1211.3711}
}

@incollection{AjibolaAlim2018SomeAlgorithms,
    title = {{Some Commonly Used Speech Feature Extraction Algorithms}},
    year = {2018},
    booktitle = {From Natural to Artificial Intelligence - Algorithms and Applications},
    author = {Ajibola Alim, Sabur and Khair Alang Rashid, Nahrul},
    month = {12},
    publisher = {IntechOpen},
    url = {https://www.intechopen.com/books/from-natural-to-artificial-intelligence-algorithms-and-applications/some-commonly-used-speech-feature-extraction-algorithms},
    doi = {10.5772/intechopen.80419}
}

@article{Park2019SpecAugment:Recognition,
    title = {{SpecAugment: A Simple Data Augmentation Method for Automatic Speech Recognition}},
    year = {2019},
    author = {Park, Daniel S. and Chan, William and Zhang, Yu and Chiu, Chung-Cheng and Zoph, Barret and Cubuk, Ekin D. and Le, Quoc V.},
    month = {4},
    url = {http://arxiv.org/abs/1904.08779},
    arxivId = {1904.08779}
}

@inproceedings{Rajpurkar2016SQuAD:Text,
    title = {{SQuAD: 100,000+ Questions for Machine Comprehension of Text}},
    year = {2016},
    booktitle = {Proceedings of the 2016 Conference on Empirical Methods in Natural Language Processing},
    author = {Rajpurkar, Pranav and Zhang, Jian and Lopyrev, Konstantin and Liang, Percy},
    pages = {2383--2392},
    publisher = {Association for Computational Linguistics},
    url = {http://aclweb.org/anthology/D16-1264},
    address = {Stroudsburg, PA, USA},
    doi = {10.18653/v1/D16-1264}
}

@article{Chiu2017State-of-the-artModels,
    title = {{State-of-the-art Speech Recognition With Sequence-to-Sequence Models}},
    year = {2017},
    author = {Chiu, Chung-Cheng and Sainath, Tara N. and Wu, Yonghui and Prabhavalkar, Rohit and Nguyen, Patrick and Chen, Zhifeng and Kannan, Anjuli and Weiss, Ron J. and Rao, Kanishka and Gonina, Ekaterina and Jaitly, Navdeep and Li, Bo and Chorowski, Jan and Bacchiani, Michiel},
    month = {12},
    url = {http://arxiv.org/abs/1712.01769},
    arxivId = {1712.01769}
}

@article{Wilcox2019StructuralDependencies,
    title = {{Structural Supervision Improves Learning of Non-Local Grammatical Dependencies}},
    year = {2019},
    author = {Wilcox, Ethan and Qian, Peng and Futrell, Richard and Ballesteros, Miguel and Levy, Roger},
    month = {3},
    url = {http://arxiv.org/abs/1903.00943},
    arxivId = {1903.00943}
}

@article{Wang2019SuperGLUE:Systems,
    title = {{SuperGLUE: A Stickier Benchmark for General-Purpose Language Understanding Systems}},
    year = {2019},
    author = {Wang, Alex and Pruksachatkun, Yada and Nangia, Nikita and Singh, Amanpreet and Michael, Julian and Hill, Felix and Levy, Omer and Bowman, Samuel R.},
    month = {5},
    url = {http://arxiv.org/abs/1905.00537},
    doi = {1905.00537},
    arxivId = {1905.00537}
}

@inproceedings{Wang2015ThatsTweets,
    title = {{That's So Annoying!!!: A Lexical and Frame-Semantic Embedding Based Data Augmentation Approach to Automatic Categorization of Annoying Behaviors using {\#}petpeeve Tweets}},
    year = {2015},
    booktitle = {Proceedings of the 2015 Conference on Empirical Methods in Natural Language Processing},
    author = {Wang, William Yang and Yang, Diyi},
    pages = {2557--2563},
    publisher = {Association for Computational Linguistics},
    url = {http://aclweb.org/anthology/D15-1306},
    address = {Stroudsburg, PA, USA},
    doi = {10.18653/v1/D15-1306}
}

@inproceedings{Paul1992TheCorpus,
    title = {{The design for the wall street journal-based CSR corpus}},
    year = {1992},
    booktitle = {Proceedings of the workshop on Speech and Natural Language - HLT '91},
    author = {Paul, Douglas B. and Baker, Janet M.},
    pages = {357},
    publisher = {Association for Computational Linguistics},
    url = {http://portal.acm.org/citation.cfm?doid=1075527.1075614},
    address = {Morristown, NJ, USA},
    isbn = {1558602720},
    doi = {10.3115/1075527.1075614}
}

@article{Cieri2004TheSpeech-to-text,
    title = {{The Fisher corpus: A resource for the next generations of speech-to-text}},
    year = {2004},
    author = {Cieri, Christopher and Miller, David and Walker, Kevin},
    month = {1}
}

@inproceedings{Vesely2012TheFeatures,
    title = {{The language-independent bottleneck features}},
    year = {2012},
    booktitle = {2012 IEEE Spoken Language Technology Workshop (SLT)},
    author = {Vesely, Karel and Karafiat, Martin and Grezl, Frantisek and Janda, Milos and Egorova, Ekaterina},
    month = {12},
    pages = {336--341},
    publisher = {IEEE},
    url = {http://ieeexplore.ieee.org/document/6424246/},
    isbn = {978-1-4673-5126-3},
    doi = {10.1109/SLT.2012.6424246}
}

@article{Frankle2018TheNetworks,
    title = {{The Lottery Ticket Hypothesis: Finding Sparse, Trainable Neural Networks}},
    year = {2018},
    author = {Frankle, Jonathan and Carbin, Michael},
    month = {3},
    url = {http://arxiv.org/abs/1803.03635},
    arxivId = {1803.03635}
}

@article{Pan2018TheAnalysis,
    title = {{The New Hardware Development Trend and the Challenges in Data Management and Analysis}},
    year = {2018},
    journal = {Data Science and Engineering},
    author = {Pan, Wei and Li, Zhanhuai and Zhang, Yansong and Weng, Chuliang},
    number = {3},
    month = {9},
    pages = {263--276},
    volume = {3},
    url = {http://link.springer.com/10.1007/s41019-018-0072-6},
    doi = {10.1007/s41019-018-0072-6},
    issn = {2364-1185}
}

@article{Ravanelli2018TheToolkit,
    title = {{The PyTorch-Kaldi Speech Recognition Toolkit}},
    year = {2018},
    author = {Ravanelli, Mirco and Parcollet, Titouan and Bengio, Yoshua},
    month = {11},
    url = {http://arxiv.org/abs/1811.07453},
    arxivId = {1811.07453}
}

@techreport{Li2018TowardsRecognition,
    title = {{Towards End-to-End Speech Recognition}},
    year = {2018},
    author = {Li, Bo and He, Yanzhang and Chang, Shuo-Yiin},
    pages = {177},
    url = {http://iscslp2018.org/images/T4_Towards end-to-end speech recognition.pdf},
    institution = {Google}
}

@article{Qin2018TowardsLearning,
    title = {{Towards end-to-end speech recognition with transfer learning}},
    year = {2018},
    journal = {EURASIP Journal on Audio, Speech, and Music Processing},
    author = {Qin, Chu-Xiong and Qu, Dan and Zhang, Lian-Hai},
    number = {1},
    month = {12},
    pages = {18},
    volume = {2018},
    url = {https://asmp-eurasipjournals.springeropen.com/articles/10.1186/s13636-018-0141-9},
    doi = {10.1186/s13636-018-0141-9},
    issn = {1687-4722}
}

@inproceedings{Kunze2017TransferBudget,
    title = {{Transfer Learning for Speech Recognition on a Budget}},
    year = {2017},
    booktitle = {Proceedings of the 2nd Workshop on Representation Learning for NLP},
    author = {Kunze, Julius and Kirsch, Louis and Kurenkov, Ilia and Krug, Andreas and Johannsmeier, Jens and Stober, Sebastian},
    pages = {168--177},
    publisher = {Association for Computational Linguistics},
    url = {http://aclweb.org/anthology/W17-2620},
    address = {Stroudsburg, PA, USA},
    doi = {10.18653/v1/W17-2620}
}

@inproceedings{Inaguma2019TransferFusion,
    title = {{Transfer Learning of Language-independent End-to-end ASR with Language Model Fusion}},
    year = {2019},
    booktitle = {ICASSP 2019 - 2019 IEEE International Conference on Acoustics, Speech and Signal Processing (ICASSP)},
    author = {Inaguma, Hirofumi and Cho, Jaejin and Baskar, Murali Karthick and Kawahara, Tatsuya and Watanabe, Shinji},
    month = {5},
    pages = {6096--6100},
    publisher = {IEEE},
    url = {https://ieeexplore.ieee.org/document/8682918/},
    isbn = {978-1-4799-8131-1},
    doi = {10.1109/ICASSP.2019.8682918}
}

@article{Dai2019Transformer-XL:Context,
    title = {{Transformer-XL: Attentive Language Models Beyond a Fixed-Length Context}},
    year = {2019},
    author = {Dai, Zihang and Yang, Zhilin and Yang, Yiming and Carbonell, Jaime and Le, Quoc V. and Salakhutdinov, Ruslan},
    month = {1},
    url = {http://arxiv.org/abs/1901.02860},
    arxivId = {1901.02860}
}

@article{Balazevic2019TuckER:Completion,
    title = {{TuckER: Tensor Factorization for Knowledge Graph Completion}},
    year = {2019},
    author = {Bala{\v{z}}evi{\'{c}}, Ivana and Allen, Carl and Hospedales, Timothy M.},
    month = {1},
    url = {http://arxiv.org/abs/1901.09590 http://dx.doi.org/10.18653/v1/D19-1522},
    doi = {10.18653/v1/D19-1522},
    arxivId = {1901.09590}
}

@article{Inan2016TyingModeling,
    title = {{Tying Word Vectors and Word Classifiers: A Loss Framework for Language Modeling}},
    year = {2016},
    author = {Inan, Hakan and Khosravi, Khashayar and Socher, Richard},
    month = {11},
    url = {http://arxiv.org/abs/1611.01462},
    arxivId = {1611.01462}
}

@article{Howard2018UniversalClassification,
    title = {{Universal Language Model Fine-tuning for Text Classification}},
    year = {2018},
    author = {Howard, Jeremy and Ruder, Sebastian},
    month = {1},
    url = {http://arxiv.org/abs/1801.06146},
    arxivId = {1801.06146}
}

@article{Coenen2019VisualizingBERT,
    title = {{Visualizing and Measuring the Geometry of BERT}},
    year = {2019},
    author = {Coenen, Andy and Reif, Emily and Yuan, Ann and Kim, Been and Pearce, Adam and Vi{\'{e}}gas, Fernanda and Wattenberg, Martin},
    month = {6},
    url = {http://arxiv.org/abs/1906.02715},
    arxivId = {1906.02715}
}

@inproceedings{Scheiner2016VoiceInformation,
    title = {{Voice search language model adaptation using contextual information}},
    year = {2016},
    booktitle = {2016 IEEE Spoken Language Technology Workshop (SLT)},
    author = {Scheiner, Justin and Williams, Ian and Aleksic, Petar},
    month = {12},
    pages = {253--257},
    publisher = {IEEE},
    url = {http://ieeexplore.ieee.org/document/7846273/},
    isbn = {978-1-5090-4903-5},
    doi = {10.1109/SLT.2016.7846273},
    arxivId = {10.1109/SLT.2016.7846273}
}

@article{Collobert2016Wav2Letter:System,
    title = {{Wav2Letter: an End-to-End ConvNet-based Speech Recognition System}},
    year = {2016},
    author = {Collobert, Ronan and Puhrsch, Christian and Synnaeve, Gabriel},
    month = {9},
    url = {http://arxiv.org/abs/1609.03193},
    arxivId = {1609.03193}
}

@article{Mohri2002WeightedRecognition,
    title = {{Weighted finite-state transducers in speech recognition}},
    year = {2002},
    journal = {Computer Speech {\&} Language},
    author = {Mohri, Mehryar and Pereira, Fernando and Riley, Michael},
    number = {1},
    month = {1},
    pages = {69--88},
    volume = {16},
    url = {https://linkinghub.elsevier.com/retrieve/pii/S0885230801901846},
    doi = {10.1006/csla.2001.0184},
    issn = {08852308}
}

@article{Muller2019WhenHelp,
    title = {{When Does Label Smoothing Help?}},
    year = {2019},
    author = {M{\"{u}}ller, Rafael and Kornblith, Simon and Hinton, Geoffrey},
    month = {6},
    url = {http://arxiv.org/abs/1906.02629},
    arxivId = {1906.02629}
}

@article{Zagoruyko2016WideNetworks,
    title = {{Wide Residual Networks}},
    year = {2016},
    author = {Zagoruyko, Sergey and Komodakis, Nikos},
    month = {5},
    url = {http://arxiv.org/abs/1605.07146},
    arxivId = {1605.07146}
}

@article{Miller1995WordNet:English,
    title = {{WordNet: a lexical database for English}},
    year = {1995},
    journal = {Communications of the ACM},
    author = {Miller, George A.},
    number = {11},
    month = {11},
    pages = {39--41},
    volume = {38},
    url = {http://portal.acm.org/citation.cfm?doid=219717.219748},
    doi = {10.1145/219717.219748},
    issn = {00010782}
}

@article{Miller1995WordNet:Englishb,
    title = {{WordNet: a lexical database for English}},
    year = {1995},
    journal = {Communications of the ACM},
    author = {Miller, George A.},
    number = {11},
    month = {11},
    pages = {39--41},
    volume = {38},
    url = {http://portal.acm.org/citation.cfm?doid=219717.219748},
    doi = {10.1145/219717.219748},
    issn = {00010782}
}

@article{Piantadosi2014ZipfsDirections,
    title = {{Zipfâs word frequency law in natural language: A critical review and future directions}},
    year = {2014},
    journal = {Psychonomic Bulletin {\&} Review},
    author = {Piantadosi, Steven T.},
    number = {5},
    month = {10},
    pages = {1112--1130},
    volume = {21},
    url = {http://link.springer.com/10.3758/s13423-014-0585-6},
    doi = {10.3758/s13423-014-0585-6},
    issn = {1069-9384}
}

@article{Taylor1953ClozeReadability,
    title = {{âCloze Procedureâ: A New Tool for Measuring Readability}},
    year = {1953},
    journal = {Journalism Quarterly},
    author = {Taylor, Wilson L.},
    number = {4},
    month = {9},
    pages = {415--433},
    volume = {30},
    url = {http://journals.sagepub.com/doi/10.1177/107769905303000401},
    doi = {10.1177/107769905303000401},
    issn = {0022-5533}
}

@article{Taylor1953ClozeReadabilityb,
    title = {{âCloze Procedureâ: A New Tool for Measuring Readability}},
    year = {1953},
    journal = {Journalism Quarterly},
    author = {Taylor, Wilson L.},
    number = {4},
    month = {9},
    pages = {415--433},
    volume = {30},
    url = {http://journals.sagepub.com/doi/10.1177/107769905303000401},
    doi = {10.1177/107769905303000401},
    issn = {0022-5533}
}